=LDR  04286cam  2200601Ii 4500
=001  ocn995849253
=003  OCoLC
=005  20180305031512.0
=006  m\\\\\o\\d\\\\\\\\
=007  cr\cnu|||unuuu
=008  170731t20172017mau\\\\\ob\\\\001\0\eng\d
=040  \\$aN$T$beng$erda$epn$cN$T$dIDEBK$dEBLCP$dYDX$dOCLCQ$dN$T$dCOO$dOCLCF$dOPELS$dIDB$dMERER$dOCLCQ$dUPM$dTEFOD$dUMI$dSTF$dOH1
=019  \\$a999583545$a1019684870
=020  \\$a9780081002551$q(electronic bk.)
=020  \\$a0081002556$q(electronic bk.)
=020  \\$z9780081002278
=020  \\$z0081002270
=029  1\$aAU@$b000060687370
=029  1\$aGBVCP$b1014933129
=035  \\$a(OCoLC)995849253$z(OCoLC)999583545$z(OCoLC)1019684870
=037  \\$aC2336917-3104-4CF4-8B46-06D3EFA3931A$bOverDrive, Inc.$nhttp://www.overdrive.com
=043  \\$aaw-----
=050  \4$aZ678.85
=072  \7$aLAN$x025000$2bisacsh
=082  04$a025.5874$223
=049  \\$aOH1A
=100  1\$aAppleton, Leo,$eauthor.
=245  10$aLibraries and key performance indicators :$cLeo Appleton.$h[electronic resource]
=264  \1$aCambridge, MA :$bChandos Publishing, an imprint of Elsevier,$c[2017]
=264  \4$c©2017
=300  \\$a1 online resource.
=336  \\$atext$btxt$2rdacontent
=337  \\$acomputer$bc$2rdamedia
=338  \\$aonline resource$bcr$2rdacarrier
=490  1\$aChandos information professional series
=504  \\$aIncludes bibliographical references and index.
=506  \\$aAvailable to OhioLINK libraries
=588  0\$aOnline resource; title from PDF title page (EBSCO, viewed August 24, 2017).
=520  \\$aLibraries and Key Performance Indicators: A Framework for Practitioners explores ways by which libraries across all sectors can demonstrate their value and impact to stakeholders through quality assurance and performance measurement platforms, including library assessment, evaluation methodologies, surveys, and annual reporting. Whilst several different performance measurement tools are considered, the book's main focus is on one tool in particular: Key Performance Indicators (KPIs). KPIs are increasingly being used to measure the performance of library and information services, however, linking KPIs to quality outcomes, such as impact and value can prove very difficult. This book discusses, in detail, the concept of KPIs in the broader context of library assessment and performance measurement. Through reviewing some of the applied theory around using KPIs, along with harvesting examples of current best practices in KPI usage from a variety of different libraries, the book demystifies library KPIs, providing a toolkit for any library to be used in setting meaningful KPIs against targets, charters, service standards, and quality outcomes.
=505  0\$aWhat do KPIs have to do with libraries? -- A brief history of evaluation and performance measurement in libraries -- Developing a culture of performance measurement -- Performance measurement in the digital age -- Quantitative methods of performance measurement -- Qualitative methods for performance measurement -- Mixed methods for performance measurement -- An overview of key performance indicators -- How can KPIs be used in performance measurement? -- Case studies -- Using KPIs in your library and information service -- Final reflection performance measurement and performance indicators.
=650  \0$aPublic libraries$xEvaluation.
=650  \0$aLibraries$zMiddle East.
=650  \7$aLANGUAGE ARTS & DISCIPLINES / Library & Information Science / General$2bisacsh
=650  \7$aLibraries.$2fast$0(OCoLC)fst00997341
=650  \7$aPublic libraries$xEvaluation.$2fast$0(OCoLC)fst01082682
=651  \7$aMiddle East.$2fast$0(OCoLC)fst01241586
=655  \4$aElectronic books.
=710  2\$aOhio Library and Information Network
=776  08$iPrint version:$z9780081002278$z0081002270$w(OCoLC)951764441
=830  \0$aChandos information professional series.
=856  40$3Safari Books Online$zConnect to resource$uhttp://proquest.safaribooksonline.com/?uiCode=ohlink&xmlId=9780081002551
=856  40$3Safari Books Online$zConnect to resource (off-campus)$uhttp://proxy.ohiolink.edu:9099/login?url=http://proquest.safaribooksonline.com/?uiCode=ohlink&xmlId=9780081002551
=910  \\$asafari-2018-01

