=LDR  02047cam  2200505Ii 4500
=001  on1018473666
=003  OCoLC
=005  20180305031521.0
=006  m\\\\\o\\d\\\\\\\\
=007  cr\unu||||||||
=008  180110s2018\\\\enka\\\\o\\\\\001\0\eng\d
=040  \\$aUMI$beng$erda$epn$cUMI$dTOH$dSTF$dOCLCF$dOH1
=020  \\$a9780081025062
=020  \\$a0081025068
=020  \\$z9780081025055
=029  1\$aGBVCP$b1014933161
=035  \\$a(OCoLC)1018473666
=037  \\$aCL0500000926$bSafari Books Online
=050  \4$aTK7867
=049  \\$aOH1A
=100  1\$aFitzpatrick, Dennis$c(Reader in Biomedical engineering),$eauthor.
=245  10$aAnalog design and simulation using OrCAD Capture and PSpice /$h[electronic resource]
=250  \\$aSecond edition.
=264  \1$aOxford, United Kingdom ;$aCambridge, MA :$bNewnes,$c[2018]
=264  \4$c©2018
=300  \\$a1 online resource (1 volume) :$billustrations
=336  \\$atext$btxt$2rdacontent
=337  \\$acomputer$bc$2rdamedia
=338  \\$aonline resource$bcr$2rdacarrier
=506  \\$aAvailable to OhioLINK libraries
=588  \\$aDescription based on online resource; title from title page (Safari, viewed January 9, 2018).
=500  \\$aIncludes index.
=630  00$aOrCAD SDT.
=630  00$aPSpice.
=630  07$aOrCAD SDT.$2fast$0(OCoLC)fst01384900
=630  07$aPSpice.$2fast$0(OCoLC)fst01375735
=650  \0$aElectronic circuit design.
=650  \0$aElectronic circuits$xComputer simulation.
=650  \7$aElectronic circuit design.$2fast$0(OCoLC)fst00906862
=650  \7$aElectronic circuits$xComputer simulation.$2fast$0(OCoLC)fst00906877
=655  \4$aElectronic books.
=710  2\$aOhio Library and Information Network
=856  40$3Safari Books Online$zConnect to resource$uhttp://proquest.safaribooksonline.com/?uiCode=ohlink&xmlId=9780081025062
=856  40$3Safari Books Online$zConnect to resource (off-campus)$uhttp://proxy.ohiolink.edu:9099/login?url=http://proquest.safaribooksonline.com/?uiCode=ohlink&xmlId=9780081025062
=910  \\$asafari-2018-01

