=LDR  01758cam  2200445Ii 4500
=001  on1019129030
=003  OCoLC
=005  20180305031521.0
=006  m\\\\\o\\d\\\\\\\\
=007  cr\unu||||||||
=008  180111s2018\\\\maua\\\\ob\\\\001\0\eng\d
=040  \\$aUMI$beng$erda$epn$cUMI$dIDEBK$dTOH$dOCLCF$dSTF$dOH1
=020  \\$a9780128019573
=020  \\$a0128019573
=020  \\$z9780128019542
=029  1\$aAU@$b000061502817
=029  1\$aGBVCP$b1014933234
=035  \\$a(OCoLC)1019129030
=037  \\$aCL0500000927$bSafari Books Online
=050  \4$aQA76.758
=082  04$a005.1/2$223
=049  \\$aOH1A
=100  1\$aJin, Zhi,$d1962-$eauthor.
=245  10$aEnvironment modeling-based requirements engineering for software intensive systems /$h[electronic resource]
=264  \1$aCambridge, MA :$bMorgan Kaufmann,$c[2018]
=264  \4$c©2018
=300  \\$a1 online resource (1 volume) :$billustrations
=336  \\$atext$btxt$2rdacontent
=337  \\$acomputer$bc$2rdamedia
=338  \\$aonline resource$bcr$2rdacarrier
=506  \\$aAvailable to OhioLINK libraries
=588  \\$aDescription based on online resource; title from title page (viewed January 9, 2018).
=504  \\$aIncludes bibliographical references and index.
=650  \0$aSoftware engineering.
=650  \7$aSoftware engineering.$2fast$0(OCoLC)fst01124185
=655  \4$aElectronic books.
=710  2\$aOhio Library and Information Network
=856  40$3Safari Books Online$zConnect to resource$uhttp://proquest.safaribooksonline.com/?uiCode=ohlink&xmlId=9780128019573
=856  40$3Safari Books Online$zConnect to resource (off-campus)$uhttp://proxy.ohiolink.edu:9099/login?url=http://proquest.safaribooksonline.com/?uiCode=ohlink&xmlId=9780128019573
=910  \\$asafari-2018-01

