=LDR  02479cam  2200601Ii 4500
=001  on1012106946
=003  OCoLC
=005  20180305031521.0
=006  m\\\\\o\\d\\\\\\\\
=007  cr\cnu|||unuuu
=008  171117t20182018enka\\\\ob\\\\001\0\eng\d
=040  \\$aN$T$beng$erda$epn$cN$T$dN$T$dOPELS$dOCLCF$dUMI$dTOH$dUPM$dMERER$dYDX$dSTF$dOCLCQ$dOH1
=019  \\$a1017738662
=020  \\$a9780128112786$q(electronic bk.)
=020  \\$a0128112786$q(electronic bk.)
=020  \\$z9780128112779
=029  1\$aAU@$b000061257741
=029  1\$aGBVCP$b1007485930
=029  1\$aGBVCP$b1014933285
=035  \\$a(OCoLC)1012106946$z(OCoLC)1017738662
=037  \\$aCL0500000921$bSafari Books Online
=050  \4$aQA76.774.L46$bA23 2018
=072  \7$aCOM$x046070$2bisacsh
=072  \7$aCOM$x046030$2bisacsh
=072  \7$aCOM$x088010$2bisacsh
=082  04$a005.4/46$223
=049  \\$aOH1A
=100  1\$aAbbott, Doug,$d1944-$eauthor.
=245  10$aLinux for embedded and real-time applications /$h[electronic resource]
=250  \\$aFourth edition.
=264  \1$aOxford, United Kingdom :$bNewnes, an imprint of Elsevier,$c[2018]
=264  \4$c©2018
=300  \\$a1 online resource :$billustrations
=336  \\$atext$btxt$2rdacontent
=337  \\$acomputer$bc$2rdamedia
=338  \\$aonline resource$bcr$2rdacarrier
=504  \\$aIncludes bibliographical references and index.
=506  \\$aAvailable to OhioLINK libraries
=588  0\$aOnline resource; title from PDF title page (EBSCO, viewed November 21, 2017).
=630  00$aLinux.
=630  07$aLinux.$2fast$0(OCoLC)fst01382136
=650  \0$aOperating systems (Computers)
=650  \0$aEmbedded computer systems$xProgramming.
=650  \7$aCOMPUTERS$xOperating Systems$xLinux.$2bisacsh
=650  \7$aCOMPUTERS$xOperating Systems$xUNIX.$2bisacsh
=650  \7$aCOMPUTERS$xSystem Administration$xLinux & UNIX Administration.$2bisacsh
=650  \7$aEmbedded computer systems$xProgramming.$2fast$0(OCoLC)fst00908303
=650  \7$aOperating systems (Computers)$2fast$0(OCoLC)fst01046280
=655  \4$aElectronic books.
=710  2\$aOhio Library and Information Network
=856  40$3Safari Books Online$zConnect to resource$uhttp://proquest.safaribooksonline.com/?uiCode=ohlink&xmlId=9780128112786
=856  40$3Safari Books Online$zConnect to resource (off-campus)$uhttp://proxy.ohiolink.edu:9099/login?url=http://proquest.safaribooksonline.com/?uiCode=ohlink&xmlId=9780128112786
=910  \\$asafari-2018-01

