=LDR  02055cam  2200481Ii 4500
=001  on1019901813
=003  OCoLC
=005  20180305031521.0
=006  m\\\\\o\\d\\\\\\\\
=007  cr\unu||||||||
=008  180119s2016\\\\inua\\\\ob\\\\000\0\eng\d
=040  \\$aUMI$beng$erda$epn$cUMI$dSTF$dOCLCF$dOH1
=020  \\$z9781587144905
=029  1\$aGBVCP$b1014933293
=035  \\$a(OCoLC)1019901813
=037  \\$aCL0500000931$bSafari Books Online
=050  \4$aTK5105.887
=049  \\$aOH1A
=100  1\$aLoveless, Josh,$eauthor.
=245  10$aIP Multicast.$nVolume II,$pAdvanced multicast concepts and large-scale multicast design /$h[electronic resource]
=246  12$aAdvanced multicast concepts and large-scale multicast design
=264  \1$aIndianapolis, Indiana :$bCisco Press,$c[2016]
=264  \4$c©2016
=300  \\$a1 online resource (1 volume) :$billustrations
=336  \\$atext$btxt$2rdacontent
=337  \\$acomputer$bc$2rdamedia
=338  \\$aonline resource$bcr$2rdacarrier
=506  \\$aAvailable to OhioLINK libraries
=588  \\$aDescription based on online resource; title from title page (viewed January 18, 2018).
=504  \\$aIncludes bibliographical references.
=650  \0$aMulticasting (Computer networks)
=650  \0$aComputer networks.
=650  \0$aComputer network protocols.
=650  \7$aComputer network protocols.$2fast$0(OCoLC)fst00872279
=650  \7$aComputer networks.$2fast$0(OCoLC)fst00872297
=650  \7$aMulticasting (Computer networks)$2fast$0(OCoLC)fst01028804
=655  \4$aElectronic books.
=700  1\$aBlair, Ray,$d1965-$eauthor.
=700  1\$aDurai, Arvind,$eauthor.
=710  2\$aOhio Library and Information Network
=856  40$3Safari Books Online$zConnect to resource$uhttp://proquest.safaribooksonline.com/?uiCode=ohlink&xmlId=9780133784916
=856  40$3Safari Books Online$zConnect to resource (off-campus)$uhttp://proxy.ohiolink.edu:9099/login?url=http://proquest.safaribooksonline.com/?uiCode=ohlink&xmlId=9780133784916
=910  \\$asafari-2018-01

