=LDR  02482cam  2200577Ii 4500
=001  on1018480576
=003  OCoLC
=005  20180305031521.0
=006  m\\\\\o\\d\\\\\\\\
=007  cr\unu||||||||
=008  180110s2018\\\\caua\\\\o\\\\\001\0\eng\d
=040  \\$aUMI$beng$erda$epn$cUMI$dSTF$dOCLCF$dOH1
=020  \\$a9780134508801
=020  \\$a0134508807
=020  \\$z9780134508108
=029  1\$aGBVCP$b1014933358
=035  \\$a(OCoLC)1018480576
=037  \\$aCL0500000925$bSafari Books Online
=050  \4$aTR267.5.A355
=049  \\$aOH1A
=100  1\$aEvening, Martin,$eauthor.
=245  14$aThe Adobe Photoshop Lightroom classic CC book :$cMartin Evening.$h[electronic resource]
=246  3\$aAdobe Photoshop Lightroom classic creative cloud book
=246  3\$aPhotoshop Lightroom classic CC book
=264  \1$a[San Francisco, California] :$bPeachpit Press,$c[2018]
=264  \4$c©2018
=300  \\$a1 online resource (1 volume) :$billustrations
=336  \\$atext$btxt$2rdacontent
=337  \\$acomputer$bc$2rdamedia
=338  \\$aonline resource$bcr$2rdacarrier
=506  \\$aAvailable to OhioLINK libraries
=588  \\$aDescription based on online resource; title from title page (Safari, viewed January 9, 2018).
=500  \\$aPlace of publication taken from publisher's website.
=500  \\$aIncludes index.
=630  00$aAdobe Photoshop lightroom.
=630  00$aAdobe Photoshop.
=630  07$aAdobe Photoshop.$2fast$0(OCoLC)fst01378295
=630  07$aAdobe Photoshop lightroom.$2fast$0(OCoLC)fst01775565
=650  \0$aPhotography$xDigital techniques.
=650  \0$aImage processing$xDigital techniques.
=650  \0$aCloud computing.
=650  \0$aMobile computing.
=650  \7$aCloud computing.$2fast$0(OCoLC)fst01745899
=650  \7$aImage processing$xDigital techniques.$2fast$0(OCoLC)fst00967508
=650  \7$aMobile computing.$2fast$0(OCoLC)fst01024221
=650  \7$aPhotography$xDigital techniques.$2fast$0(OCoLC)fst01061736
=655  \4$aElectronic books.
=710  2\$aOhio Library and Information Network
=856  40$3Safari Books Online$zConnect to resource$uhttp://proquest.safaribooksonline.com/?uiCode=ohlink&xmlId=9780134508801
=856  40$3Safari Books Online$zConnect to resource (off-campus)$uhttp://proxy.ohiolink.edu:9099/login?url=http://proquest.safaribooksonline.com/?uiCode=ohlink&xmlId=9780134508801
=910  \\$asafari-2018-01

