=LDR  01847cam  2200433Ii 4500
=001  on1018480122
=003  OCoLC
=005  20180305031521.0
=006  m\\\\\o\\d\\\\\\\\
=007  cr\unu||||||||
=008  180110s2017\\\\maua\\\\o\\\\\001\0\eng\d
=040  \\$aUMI$beng$erda$epn$cUMI$dSTF$dOCLCF$dOH1
=020  \\$z9780672337840
=029  1\$aGBVCP$b1014933366
=035  \\$a(OCoLC)1018480122
=037  \\$aCL0500000925$bSafari Books Online
=050  \4$aQA76.73.J38
=049  \\$aOH1A
=100  1\$aSedgewick, Robert,$d1946-$eauthor.
=245  10$aIntroduction to programming in Java :$cRobert Sedgewick, Kevin Wayne.$h[electronic resource]
=250  \\$aSecond edition.
=264  \1$aBoston :$bAddison-Wesley,$c[2017]
=264  \4$c©2017
=300  \\$a1 online resource (1 volume) :$billustrations
=336  \\$atext$btxt$2rdacontent
=337  \\$acomputer$bc$2rdamedia
=338  \\$aonline resource$bcr$2rdacarrier
=506  \\$aAvailable to OhioLINK libraries
=588  \\$aDescription based on online resource; title from title page (Safari, viewed January 5, 2018).
=500  \\$aIncludes index.
=505  0\$aElements of programming -- Functions and modules -- Object-oriented programming -- Algorithms and data structures.
=650  \0$aJava (Computer program language)
=650  \7$aJava (Computer program language)$2fast$0(OCoLC)fst00982065
=655  \4$aElectronic books.
=700  1\$aWayne, Kevin,$d1971-$eauthor.
=710  2\$aOhio Library and Information Network
=856  40$3Safari Books Online$zConnect to resource$uhttp://proquest.safaribooksonline.com/?uiCode=ohlink&xmlId=9780134512389
=856  40$3Safari Books Online$zConnect to resource (off-campus)$uhttp://proxy.ohiolink.edu:9099/login?url=http://proquest.safaribooksonline.com/?uiCode=ohlink&xmlId=9780134512389
=910  \\$asafari-2018-01

