=LDR  02029cam  2200505Ii 4500
=001  on1018480454
=003  OCoLC
=005  20180305031521.0
=006  m\\\\\o\\d\\\\\\\\
=007  cr\unu||||||||
=008  180110s2018\\\\maua\\\\o\\\\\001\0\eng\d
=040  \\$aUMI$beng$erda$epn$cUMI$dOCLCF$dUBY$dOH1
=020  \\$a9780134547046
=020  \\$a0134547047
=020  \\$z9780134546933
=029  1\$aGBVCP$b1014933382
=035  \\$a(OCoLC)1018480454
=037  \\$aCL0500000925$bSafari Books Online
=050  \4$aTK5105.52
=082  04$a006.3/12$223
=049  \\$aOH1A
=100  1\$aChen, Daniel Y.,$eauthor.
=245  10$aPandas for everyone :$cDaniel Y. Chen.$h[electronic resource]
=264  \1$aBoston :$bAddison-Wesley,$c[2018]
=264  \4$c©2018
=300  \\$a1 online resource (1 volume) :$billustrations
=336  \\$atext$btxt$2rdacontent
=337  \\$acomputer$bc$2rdamedia
=338  \\$aonline resource$bcr$2rdacarrier
=490  1\$aPearson Addison-Wesley Data & analytics series
=506  \\$aAvailable to OhioLINK libraries
=588  \\$aDescription based on online resource; title from title page (Safari, viewed January 10, 2018).
=500  \\$aIncludes index.
=650  \0$aPython (Computer program language)
=650  \0$aElectronic spreadsheets.
=650  \0$aElectronic data processing.
=650  \7$aElectronic data processing.$2fast$0(OCoLC)fst00906956
=650  \7$aElectronic spreadsheets.$2fast$0(OCoLC)fst00907463
=650  \7$aPython (Computer program language)$2fast$0(OCoLC)fst01084736
=655  \4$aElectronic books.
=710  2\$aOhio Library and Information Network
=830  \0$aPearson Addison-Wesley Data and analytics series.
=856  40$3Safari Books Online$zConnect to resource$uhttp://proquest.safaribooksonline.com/?uiCode=ohlink&xmlId=9780134547046
=856  40$3Safari Books Online$zConnect to resource (off-campus)$uhttp://proxy.ohiolink.edu:9099/login?url=http://proquest.safaribooksonline.com/?uiCode=ohlink&xmlId=9780134547046
=910  \\$asafari-2018-01

