=LDR  02582cam  2200613Ii 4500
=001  on1011673502
=003  OCoLC
=005  20180305031521.0
=006  m\\\\\o\\d\\\\\\\\
=007  cr\cnu|||unuuu
=008  171116s2018\\\\mau\\\\\o\\\\\000\0\eng\d
=040  \\$aN$T$beng$erda$epn$cN$T$dN$T$dUMI$dOCLCF$dTOH$dSTF$dYDX$dOH1
=019  \\$a1012254342$a1015687228
=020  \\$a9780134657684$q(electronic bk.)
=020  \\$a0134657683$q(electronic bk.)
=020  \\$z9780134657677
=020  \\$a9780134657691
=020  \\$a0134657691
=020  \\$z0134657675
=029  1\$aGBVCP$b1014933439
=035  \\$a(OCoLC)1011673502$z(OCoLC)1012254342$z(OCoLC)1015687228
=037  \\$aCL0500000920$bSafari Books Online
=050  \4$aQA76.64
=072  \7$aCOM$x051000$2bisacsh
=082  04$a005.1/17$222
=049  \\$aOH1A
=100  1\$aFernandez, Obie,$eauthor.
=245  14$aThe Rails 5 way /$h[electronic resource]
=264  \1$aBoston :$bAddison-Wesley,$c[2018]
=300  \\$a1 online resource.
=336  \\$atext$btxt$2rdacontent
=337  \\$acomputer$bc$2rdamedia
=338  \\$aonline resource$bcr$2rdacarrier
=490  1\$aAddison-Wesley professional Ruby series
=506  \\$aAvailable to OhioLINK libraries
=588  0\$aOnline resource; title from PDF title page (EBSCO, viewed December 18, 2017).
=630  00$aRuby on rails (Electronic resource)
=630  07$aRuby on rails (Electronic resource)$2fast$0(OCoLC)fst01791554
=650  \0$aObject-oriented programming (Computer science)
=650  \0$aRuby (Computer program language)
=650  \0$aWeb site development.
=650  \0$aApplication software$xDevelopment.
=650  \7$aCOMPUTERS / Programming / General$2bisacsh
=650  \7$aApplication software$xDevelopment.$2fast$0(OCoLC)fst00811707
=650  \7$aObject-oriented programming (Computer science)$2fast$0(OCoLC)fst01042804
=650  \7$aRuby (Computer program language)$2fast$0(OCoLC)fst01101038
=650  \7$aWeb site development.$2fast$0(OCoLC)fst01173243
=655  \4$aElectronic books.
=710  2\$aOhio Library and Information Network
=776  08$cOriginal$z0134657675$z9780134657677$w(OCoLC)953844017
=830  \0$aAddison-Wesley professional Ruby series.
=856  40$3Safari Books Online$zConnect to resource$uhttp://proquest.safaribooksonline.com/?uiCode=ohlink&xmlId=9780134657691
=856  40$3Safari Books Online$zConnect to resource (off-campus)$uhttp://proxy.ohiolink.edu:9099/login?url=http://proquest.safaribooksonline.com/?uiCode=ohlink&xmlId=9780134657691
=910  \\$asafari-2018-01

