=LDR  02077cam  2200517Ii 4500
=001  on1018480587
=003  OCoLC
=005  20180305031521.0
=006  m\\\\\o\\d\\\\\\\\
=007  cr\unu||||||||
=008  180110s2018\\\\maua\\\\o\\\\\001\0\eng\d
=040  \\$aUMI$beng$erda$epn$cUMI$dIN0$dSTF$dOCLCF$dOH1
=020  \\$a9780134668963
=020  \\$a0134668960
=020  \\$z9780134668949
=029  1\$aGBVCP$b1014933471
=035  \\$a(OCoLC)1018480587
=037  \\$aCL0500000925$bSafari Books Online
=050  \4$aQA76.73.S95
=082  04$a005.3$223
=049  \\$aOH1A
=100  1\$aClayton, Janie,$eauthor.
=245  10$aMetal programming guide :$cJanie Clayton.$h[electronic resource]
=246  30$aTutorial and reference via Swift
=264  \1$aBoston :$bAddison-Wesley,$c[2018]
=264  \4$c©2018
=300  \\$a1 online resource (1 volume) :$billustrations
=336  \\$atext$btxt$2rdacontent
=337  \\$acomputer$bc$2rdamedia
=338  \\$aonline resource$bcr$2rdacarrier
=506  \\$aAvailable to OhioLINK libraries
=588  \\$aDescription based on online resource; title from title page (Safari, viewed January 10, 2018).
=500  \\$aIncludes index.
=630  00$aiOS (Electronic resource)
=630  07$aiOS (Electronic resource)$2fast$0(OCoLC)fst01784820
=650  \0$aSwift (Computer program language)
=650  \0$aApplication software$xDevelopment.
=650  \0$aComputer graphics.
=650  \7$aApplication software$xDevelopment.$2fast$0(OCoLC)fst00811707
=650  \7$aComputer graphics.$2fast$0(OCoLC)fst00872119
=650  \7$aSwift (Computer program language)$2fast$0(OCoLC)fst01922222
=655  \4$aElectronic books.
=710  2\$aOhio Library and Information Network
=856  40$3Safari Books Online$zConnect to resource$uhttp://proquest.safaribooksonline.com/?uiCode=ohlink&xmlId=9780134668963
=856  40$3Safari Books Online$zConnect to resource (off-campus)$uhttp://proxy.ohiolink.edu:9099/login?url=http://proquest.safaribooksonline.com/?uiCode=ohlink&xmlId=9780134668963
=910  \\$asafari-2018-01

