=LDR  02257cam  2200541Ii 4500
=001  on1018480455
=003  OCoLC
=005  20180305031521.0
=006  m\\\\\o\\d\\\\\\\\
=007  cr\unu||||||||
=008  180110s2018\\\\maua\\\\ob\\\\001\0\eng\d
=040  \\$aUMI$beng$erda$epn$cUMI$dIN0$dXUN$dSTF$dOCLCF$dOH1
=020  \\$z9780134682662
=020  \\$a9780134682686
=020  \\$a0134682688
=029  1\$aGBVCP$b1014933498
=035  \\$a(OCoLC)1018480455
=037  \\$aCL0500000925$bSafari Books Online
=050  \4$aQA76.76.D47
=082  04$a005.1$223
=049  \\$aOH1A
=100  1\$aBittner, Kurt,$eauthor.
=245  14$aThe Nexus framework for scaling scrum :$cKurt Bittner, Patricia Kong, Dave West.$h[electronic resource]
=264  \1$aBoston :$bPrentice Hall,$c[2018]
=264  \4$c©2018
=300  \\$a1 online resource (1 volume) :$billustrations
=336  \\$atext$btxt$2rdacontent
=337  \\$acomputer$bc$2rdamedia
=338  \\$aonline resource$bcr$2rdacarrier
=490  1\$aThe professional scrum series
=506  \\$aAvailable to OhioLINK libraries
=588  \\$aDescription based on online resource; title from title page (Safari, viewed January 10, 2018).
=504  \\$aIncludes bibliographical references and index.
=650  \0$aScrum (Computer software development)
=650  \0$aApplication software$xDevelopment.
=650  \0$aTeams in the workplace.
=650  \7$aApplication software$xDevelopment.$2fast$0(OCoLC)fst00811707
=650  \7$aScrum (Computer software development)$2fast$0(OCoLC)fst01109448
=650  \7$aTeams in the workplace.$2fast$0(OCoLC)fst01144679
=655  \4$aElectronic books.
=700  1\$aKong, Patricia,$eauthor.
=700  1\$aWest, Dave,$eauthor.
=710  2\$aOhio Library and Information Network
=710  2\$aScrum.org,$eissuing body.
=830  \0$aProfessional scrum series.
=856  40$3Safari Books Online$zConnect to resource$uhttp://proquest.safaribooksonline.com/?uiCode=ohlink&xmlId=9780134682686
=856  40$3Safari Books Online$zConnect to resource (off-campus)$uhttp://proxy.ohiolink.edu:9099/login?url=http://proquest.safaribooksonline.com/?uiCode=ohlink&xmlId=9780134682686
=910  \\$asafari-2018-01

