=LDR  03769cam  2200505Ii 4500
=001  on1018480592
=003  OCoLC
=005  20180305031521.0
=006  m\\\\\o\\d\\\\\\\\
=007  cr\unu||||||||
=008  180110s2018\\\\maua\\\\ob\\\\001\0\eng\d
=040  \\$aUMI$beng$erda$epn$cUMI$dYDX$dUBY$dOCLCF$dOH1
=020  \\$a9780134686097
=020  \\$a0134686098
=020  \\$z9780134685991
=029  1\$aGBVCP$b1014933501
=035  \\$a(OCoLC)1018480592
=037  \\$aCL0500000925$bSafari Books Online
=050  \4$aQA76.73.J38
=082  04$a005.71262$223
=049  \\$aOH1A
=100  1\$aBloch, Joshua,$eauthor.
=245  10$aEffective Java /$h[electronic resource]
=246  1\$iSub-title on cover:$aBest practices for the Java platform
=250  \\$aThird edition.
=264  \1$aBoston :$bAddison-Wesley,$c[2018]
=264  \4$c©2018
=300  \\$a1 online resource (1 volume) :$billustrations
=336  \\$atext$btxt$2rdacontent
=337  \\$acomputer$bc$2rdamedia
=338  \\$aonline resource$bcr$2rdacarrier
=506  \\$aAvailable to OhioLINK libraries
=588  \\$aDescription based on online resource; title from title page (Safari, viewed January 9, 2018).
=500  \\$a"Updated for Java 9"--Cover.
=504  \\$aIncludes bibliographical references and index.
=505  0\$aIntroduction -- Creating and destroying objects -- Methods common to all objects -- Classes and interfaces -- Generics -- Enums and annotations -- Methods -- General programming -- Exceptions -- Concurrency -- Serialization.
=520  \\$aThe Definitive Guide to Java Platform Best Practices--Updated for Java 7, 8, and 9 Java has changed dramatically since the previous edition of Effective Java was published shortly after the release of Java 6. This Jolt award-winning classic has now been thoroughly updated to take full advantage of the latest language and library features. The support in modern Java for multiple paradigms increases the need for specific best-practices advice, and this book delivers. As in previous editions, each chapter of Effective Java, Third Edition, consists of several "items," each presented in the form of a short, stand-alone essay that provides specific advice, insight into Java platform subtleties, and updated code examples. The comprehensive descriptions and explanations for each item illuminate what to do, what not to do, and why. The third edition covers language and library features added in Java 7, 8, and 9, including the functional programming constructs that were added to its object-oriented roots. Many new items have been added, including a chapter devoted to lambdas and streams. New coverage includes Functional interfaces, lambda expressions, method references, and streams Default and static methods in interfaces Type inference, including the diamond operator for generic types The @SafeVarargs annotation The try-with-resources statement New library features such as the Optional interface, java.time, and the convenience factory methods for collections Register your product at informit.com/register for convenient access to the web edition eBook, updates, and/or corrections as they become available.
=650  \0$aJava (Computer program language)
=650  \7$aCOMPUTERS / Programming / General.$2bisacsh
=650  \7$aJava (Computer program language)$2fast$0(OCoLC)fst00982065
=655  \4$aElectronic books.
=710  2\$aOhio Library and Information Network
=856  40$3Safari Books Online$zConnect to resource$uhttp://proquest.safaribooksonline.com/?uiCode=ohlink&xmlId=9780134686097
=856  40$3Safari Books Online$zConnect to resource (off-campus)$uhttp://proxy.ohiolink.edu:9099/login?url=http://proquest.safaribooksonline.com/?uiCode=ohlink&xmlId=9780134686097
=910  \\$asafari-2018-01

