=LDR  02242cam  2200529Ii 4500
=001  on1019901814
=003  OCoLC
=005  20180305031521.0
=006  m\\\\\o\\d\\\\\\\\
=007  cr\unu||||||||
=008  180119s2018\\\\inua\\\\ob\\\\000\0\eng\d
=040  \\$aUMI$beng$erda$epn$cUMI$dUMI$dOCLCO$dN$T$dSTF$dOCLCF$dOH1
=020  \\$a9780134755816$q(electronic bk.)
=020  \\$a0134755812$q(electronic bk.)
=020  \\$z9781587145025
=020  \\$z9780134755885
=020  \\$z013475588X
=029  1\$aGBVCP$b1014933552
=035  \\$a(OCoLC)1019901814
=037  \\$aCL0500000931$bSafari Books Online
=050  \4$aQA76.9.A25
=049  \\$aOH1A
=100  1\$aMuniz, Joseph,$eauthor.
=245  10$aInvestigating the Cyber Breach :$cJoseph Muniz, Aamir Lakhani.$h[electronic resource]
=264  \1$aIndianapolis, Indiana :$bCisco Press,$c[2018]
=264  \4$c©2018
=300  \\$a1 online resource (1 volume) :$billustrations
=336  \\$atext$btxt$2rdacontent
=337  \\$acomputer$bc$2rdamedia
=338  \\$aonline resource$bcr$2rdacarrier
=506  \\$aAvailable to OhioLINK libraries
=588  \\$aDescription based on online resource; title from title page (viewed January 18, 2018).
=504  \\$aIncludes bibliographical references.
=650  \0$aInformation technology$xSecurity measures.
=650  \0$aComputer security$xManagement.
=650  \0$aComputer networks$xSecurity measures.
=650  \0$aData protection.
=650  \7$aComputer networks$xSecurity measures.$2fast$0(OCoLC)fst00872341
=650  \7$aComputer security$xManagement.$2fast$0(OCoLC)fst00872493
=650  \7$aData protection.$2fast$0(OCoLC)fst00887958
=650  \7$aInformation technology$xSecurity measures.$2fast$0(OCoLC)fst00973129
=655  \4$aElectronic books.
=700  1\$aLakhani, Aamir,$eauthor.
=710  2\$aOhio Library and Information Network
=856  40$3Safari Books Online$zConnect to resource$uhttp://proquest.safaribooksonline.com/?uiCode=ohlink&xmlId=9780134755885
=856  40$3Safari Books Online$zConnect to resource (off-campus)$uhttp://proxy.ohiolink.edu:9099/login?url=http://proquest.safaribooksonline.com/?uiCode=ohlink&xmlId=9780134755885
=910  \\$asafari-2018-01

