=LDR  01887cam  2200493Ii 4500
=001  on1019129027
=003  OCoLC
=005  20180305031521.0
=006  m\\\\\o\\d\\\\\\\\
=007  cr\unu||||||||
=008  180111s2018\\\\inua\\\\o\\\\\001\0\eng\d
=040  \\$aUMI$beng$erda$epn$cUMI$dTOH$dOCLCF$dOH1
=020  \\$a9780134761060
=020  \\$a0134761065
=020  \\$z9780789758675
=029  1\$aGBVCP$b1014933595
=035  \\$a(OCoLC)1019129027
=037  \\$aCL0500000927$bSafari Books Online
=050  \4$aQA76.8.I63
=049  \\$aOH1A
=100  1\$aMiller, Michael,$d1958-$eauthor.
=245  10$aMy iPad for seniors /$h[electronic resource]
=250  \\$aFifth edition.
=264  \1$aIndianapolis, Indiana :$bQue,$c[2018]
=264  \4$c©2018
=300  \\$a1 online resource (1 volume) :$billustrations
=336  \\$atext$btxt$2rdacontent
=337  \\$acomputer$bc$2rdamedia
=338  \\$aonline resource$bcr$2rdacarrier
=500  \\$a"Covers all iPads running iOS 11"--Cover.
=500  \\$aIncludes index.
=506  \\$aAvailable to OhioLINK libraries
=588  \\$aDescription based on online resource; title from title page (viewed January 9, 2018).
=650  \0$aiPad (Computer)
=650  \0$aTablet computers.
=650  \0$aComputers and older people.
=650  \7$aComputers and older people.$2fast$0(OCoLC)fst01199788
=650  \7$aiPad (Computer)$2fast$0(OCoLC)fst01762724
=650  \7$aTablet computers.$2fast$0(OCoLC)fst01762725
=655  \4$aElectronic books.
=710  2\$aOhio Library and Information Network
=856  40$3Safari Books Online$zConnect to resource$uhttp://proquest.safaribooksonline.com/?uiCode=ohlink&xmlId=9780134761060
=856  40$3Safari Books Online$zConnect to resource (off-campus)$uhttp://proxy.ohiolink.edu:9099/login?url=http://proquest.safaribooksonline.com/?uiCode=ohlink&xmlId=9780134761060
=910  \\$asafari-2018-01

