=LDR  02085cam  2200505Ii 4500
=001  on1019129028
=003  OCoLC
=005  20180305031521.0
=006  m\\\\\o\\d\\\\\\\\
=007  cr\unu||||||||
=008  180111s2018\\\\xx\a\\\\o\\\\\001\0\eng\d
=040  \\$aUMI$beng$erda$epn$cUMI$dTOH$dSTF$dOCLCF$dOH1
=020  \\$a9780134764061
=020  \\$a0134764064
=020  \\$z9780134763385
=029  1\$aGBVCP$b1014933625
=035  \\$a(OCoLC)1019129028
=037  \\$aCL0500000927$bSafari Books Online
=050  \4$aQA76.9.D26
=049  \\$aOH1A
=100  1\$aAtherton, Mike,$eauthor.
=245  10$aDesigning connected content :$cMike Atherton, Carrie Hane.$h[electronic resource]
=264  \1$a[Place of publication not identified] :$bNew Riders,$c[2018]
=264  \4$c©2018
=300  \\$a1 online resource (1 volume) :$billustrations
=336  \\$atext$btxt$2rdacontent
=337  \\$acomputer$bc$2rdamedia
=338  \\$aonline resource$bcr$2rdacarrier
=506  \\$aAvailable to OhioLINK libraries
=588  \\$aDescription based on online resource; title from title page (viewed January 9, 2018).
=500  \\$aIncludes index.
=650  \0$aDatabases$xDesign.
=650  \0$aData structures (Computer science)
=650  \0$aRelational databases.
=650  \0$aComputer software$xDevelopment.
=650  \7$aComputer software$xDevelopment.$2fast$0(OCoLC)fst00872537
=650  \7$aData structures (Computer science)$2fast$0(OCoLC)fst00887978
=650  \7$aDatabases$xDesign.$2fast$0(OCoLC)fst01425041
=650  \7$aRelational databases.$2fast$0(OCoLC)fst01093575
=655  \4$aElectronic books.
=700  1\$aHane, Carrie,$eauthor.
=710  2\$aOhio Library and Information Network
=856  40$3Safari Books Online$zConnect to resource$uhttp://proquest.safaribooksonline.com/?uiCode=ohlink&xmlId=9780134764061
=856  40$3Safari Books Online$zConnect to resource (off-campus)$uhttp://proxy.ohiolink.edu:9099/login?url=http://proquest.safaribooksonline.com/?uiCode=ohlink&xmlId=9780134764061
=910  \\$asafari-2018-01

