=LDR  03690cam  2200901Ii 4500
=001  on1013974633
=003  OCoLC
=005  20180305031521.0
=006  m\\\\\o\\d\\\\\\\\
=007  cr\cnu---unuuu
=008  171205s2018\\\\inua\\\\o\\\\\001\0\eng\d
=040  \\$aN$T$beng$erda$epn$cN$T$dUMI$dYDX$dSTF$dOH1
=019  \\$a1008772805$a1019827291
=020  \\$a9780134766355$q(electronic bk.)
=020  \\$a0134766350$q(electronic bk.)
=020  \\$a9780134766362
=020  \\$a0134766369
=020  \\$z9780789758699
=020  \\$z0789758652
=020  \\$z9780789758651
=020  \\$z0789758695
=029  1\$aGBVCP$b1014933633
=035  \\$a(OCoLC)1013974633$z(OCoLC)1008772805$z(OCoLC)1019827291
=037  \\$aCL0500000930$bSafari Books Online
=050  \4$aQA76.8.I64$bM59 2018
=072  \7$aCOM$x013000$2bisacsh
=072  \7$aCOM$x014000$2bisacsh
=072  \7$aCOM$x018000$2bisacsh
=072  \7$aCOM$x067000$2bisacsh
=072  \7$aCOM$x032000$2bisacsh
=072  \7$aCOM$x037000$2bisacsh
=072  \7$aCOM$x052000$2bisacsh
=082  04$a004.1675$223
=049  \\$aOH1A
=100  1\$aMiser, Brad,$eauthor.
=245  10$aMy iPhone for seniors /$h[electronic resource]
=246  30$aIPhone for seniors
=250  \\$aFourth edition.
=264  \1$aIndianapolis, Indiana, USA :$bQue,$c[2018]
=264  \4$c©2018
=300  \\$a1 online resource :$bcolor illustrations.
=336  \\$atext$btxt$2rdacontent
=337  \\$acomputer$bc$2rdamedia
=338  \\$aonline resource$bcr$2rdacarrier
=490  1\$aAlways learning
=500  \\$aIncludes index.
=506  \\$aAvailable to OhioLINK libraries
=521  1\$aUser level: Beginning-Intermediate.
=520  \\$aBased on the best-selling My iPhone book, My iPhone for Seniors helps you quickly get started with your new smartphone and use its features to look up information and perform day-to-day activities from anywhere, any time.
=588  0\$aPrint version record.
=630  00$aiOS (Electronic resource)
=630  07$aIOS (Electronic resource)$2fast$0(OCoLC)fst01784820
=650  \0$aiPhone (Smartphone)
=650  \0$aMobile computing.
=650  \0$aApplication software.
=650  \0$aTechnology and older people.
=650  \0$aComputers and older people.
=650  \4$aComputers and older people.
=650  \7$aCOMPUTERS$xDigital Media.$2bisacsh
=650  \7$aApplication software.$2fast$0(OCoLC)fst00811706
=650  \7$aComputers and older people.$2fast$0(OCoLC)fst01199788
=650  \7$aiPhone (Smartphone)$2fast$0(OCoLC)fst01743856
=650  \7$aMobile computing.$2fast$0(OCoLC)fst01024221
=650  \7$aTechnology and older people.$2fast$0(OCoLC)fst01199789
=650  \7$aCOMPUTERS / Computer Literacy.$2bisacsh
=650  \7$aCOMPUTERS / Computer Science.$2bisacsh
=650  \7$aCOMPUTERS / Data Processing.$2bisacsh
=650  \7$aCOMPUTERS / Hardware / General.$2bisacsh
=650  \7$aCOMPUTERS / Information Technology.$2bisacsh
=650  \7$aCOMPUTERS / Machine Theory.$2bisacsh
=650  \7$aCOMPUTERS / Reference.$2bisacsh
=655  \4$aElectronic books.
=710  2\$aOhio Library and Information Network
=776  08$iPrint version:$aMiser, Brad.$tMy iPhone for seniors.$bThird edition.$dIndianapolis, Indiana, USA : Que, [2017]$z0789758172$w(DLC)  2016955448$w(OCoLC)947149665
=830  \0$aAlways learning.
=856  40$3Safari Books Online$zConnect to resource$uhttp://proquest.safaribooksonline.com/?uiCode=ohlink&xmlId=9780134766362
=856  40$3Safari Books Online$zConnect to resource (off-campus)$uhttp://proxy.ohiolink.edu:9099/login?url=http://proquest.safaribooksonline.com/?uiCode=ohlink&xmlId=9780134766362
=910  \\$asafari-2018-01

