=LDR  02383cam  2200565Ii 4500
=001  on1019901912
=003  OCoLC
=005  20180305031521.0
=006  m\\\\\o\\d\\\\\\\\
=007  cr\unu||||||||
=008  180119s2018\\\\inua\\\\o\\\\\000\0\eng\d
=040  \\$aUMI$beng$erda$epn$cUMI$dN$T$dSTF$dOCLCF$dOH1
=019  \\$a1015887826
=020  \\$z9780672338038
=020  \\$a9780134772035$q(electronic bk.)
=020  \\$a0134772032$q(electronic bk.)
=020  \\$a9780134771922$q(electronic bk.)
=020  \\$a0134771923$q(electronic bk.)
=029  1\$aGBVCP$b101493365X
=035  \\$a(OCoLC)1019901912$z(OCoLC)1015887826
=037  \\$aCL0500000931$bSafari Books Online
=050  14$aQA76.73.G63
=072  \7$aCOM$x051000$2bisacsh
=082  04$a005.133$223
=049  \\$aOH1A
=100  1\$aOrnbo, George,$d1977-$eauthor.
=245  10$aSams teach yourself Go in 24 hours :$cGeorge Ornbo.$h[electronic resource]
=246  30$aTeach yourself Go in 24 hours
=246  30$aGo in 24 hours
=246  30$aNext generation systems programming with Golang
=264  \1$aIndianapolis, Indiana :$bSams,$c[2018]
=264  \4$c©2018
=300  \\$a1 online resource (1 volume) :$billustrations
=336  \\$atext$btxt$2rdacontent
=337  \\$acomputer$bc$2rdamedia
=338  \\$aonline resource$bcr$2rdacarrier
=506  \\$aAvailable to OhioLINK libraries
=588  \\$aDescription based on online resource; title from title page (viewed January 16, 2018).
=650  \0$aGo (Computer program language)
=650  \0$aProgramming languages (Electronic computers)
=650  \0$aSystems programming (Computer science)
=650  \7$aCOMPUTERS / Programming / General.$2bisacsh
=650  \7$aGo (Computer program language)$2fast$0(OCoLC)fst01893916
=650  \7$aProgramming languages (Electronic computers)$2fast$0(OCoLC)fst01078704
=650  \7$aSystems programming (Computer science)$2fast$0(OCoLC)fst01141475
=655  \4$aElectronic books.
=710  2\$aOhio Library and Information Network
=856  40$3Safari Books Online$zConnect to resource$uhttp://proquest.safaribooksonline.com/?uiCode=ohlink&xmlId=9780134771922
=856  40$3Safari Books Online$zConnect to resource (off-campus)$uhttp://proxy.ohiolink.edu:9099/login?url=http://proquest.safaribooksonline.com/?uiCode=ohlink&xmlId=9780134771922
=910  \\$asafari-2018-01

