=LDR  02316cam  2200565Ii 4500
=001  on1019827248
=003  OCoLC
=005  20180305031521.0
=006  m\\\\\o\\d\\\\\\\\
=007  cr\unu||||||||
=008  180117s2018\\\\caua\\\\ob\\\\001\0\eng\d
=040  \\$aUMI$beng$erda$epn$cUMI$dN$T$dYDX$dSTF$dOCLCF$dOH1
=019  \\$a1015215397
=020  \\$a9780134778181
=020  \\$a0134778189
=020  \\$z9780134777603
=020  \\$a9780134778228
=020  \\$a0134778227
=029  1\$aGBVCP$b1014933668
=035  \\$a(OCoLC)1019827248$z(OCoLC)1015215397
=037  \\$aCL0500000930$bSafari Books Online
=050  \4$aQA76.9.U83
=072  \7$aCOM$x060130$2bisacsh
=082  04$a005.428$223
=049  \\$aOH1A
=100  1\$aColborne, Giles,$eauthor.
=245  10$aSimple and usable :$cGiles Colborne.$h[electronic resource]
=246  30$aWeb, mobile, and interaction design
=250  \\$aSecond edition.
=264  \1$a[San Francisco, California] :$bNew Riders,$c[2018]
=264  \4$c©2018
=300  \\$a1 online resource (1 volume) :$billustrations
=336  \\$atext$btxt$2rdacontent
=337  \\$acomputer$bc$2rdamedia
=338  \\$aonline resource$bcr$2rdacarrier
=490  1\$aVoices that matter
=506  \\$aAvailable to OhioLINK libraries
=588  \\$aDescription based on online resource; title from title page (Safari, viewed January 17, 2018).
=500  \\$aPlace of publication from publisher's website.
=504  \\$aIncludes bibliographical references and index.
=505  0\$aWhy are we here? -- Setting a vision -- Strategies for simplicity -- Remove -- Organize -- Hide -- Displace -- Before we go.
=650  \0$aUser interfaces (Computer systems)$xDesign.
=650  \7$aCOMPUTERS / Web / Design$2bisacsh
=650  \7$aUser interfaces (Computer systems)$xDesign.$2fast$0(OCoLC)fst01163193
=655  \4$aElectronic books.
=710  2\$aOhio Library and Information Network
=830  \0$aVoices that matter.
=856  40$3Safari Books Online$zConnect to resource$uhttp://proquest.safaribooksonline.com/?uiCode=ohlink&xmlId=9780134778181
=856  40$3Safari Books Online$zConnect to resource (off-campus)$uhttp://proxy.ohiolink.edu:9099/login?url=http://proquest.safaribooksonline.com/?uiCode=ohlink&xmlId=9780134778181
=910  \\$asafari-2018-01

