=LDR  02016cam  2200481Ii 4500
=001  on1017738663
=003  OCoLC
=005  20180305031521.0
=006  m\\\\\o\\d\\\\\\\\
=007  cr\unu||||||||
=008  180103s2018\\\\xx\a\\\\o\\\\\001\0\eng\d
=040  \\$aUMI$beng$erda$epn$cUMI$dTOH$dOCLCF$dOH1
=020  \\$a9780134780856
=020  \\$a013478085X
=020  \\$z9780134780108
=029  1\$aGBVCP$b1014933684
=035  \\$a(OCoLC)1017738663
=037  \\$aCL0500000921$bSafari Books Online
=050  \4$aTR267.5.A3
=049  \\$aOH1A
=100  1\$aMalley, Bret,$eauthor.
=245  10$aAdobe master class advanced compositing in Adobe Adobe Photoshop CC :$cwith Bret Malley.$h[electronic resource]
=246  30$aBringing the impossible to reality
=250  \\$aSecond edition.
=264  \1$a[Place of publication not identified] :$bAdobe$c[2018]
=300  \\$a1 online resource (1 volume) :$billustrations
=336  \\$atext$btxt$2rdacontent
=337  \\$acomputer$bc$2rdamedia
=338  \\$aonline resource$bcr$2rdacarrier
=506  \\$aAvailable to OhioLINK libraries
=588  \\$aDescription based on online resource; title from title page (Safari, viewed December 19, 2017).
=500  \\$aIncludes index.
=630  00$aAdobe Photoshop.
=630  07$aAdobe Photoshop.$2fast$0(OCoLC)fst01378295
=650  \0$aPhotography$xDigital techniques.
=650  \0$aImage processing$xDigital techniques.
=650  \7$aImage processing$xDigital techniques.$2fast$0(OCoLC)fst00967508
=650  \7$aPhotography$xDigital techniques.$2fast$0(OCoLC)fst01061736
=655  \4$aElectronic books.
=710  2\$aOhio Library and Information Network
=856  40$3Safari Books Online$zConnect to resource$uhttp://proquest.safaribooksonline.com/?uiCode=ohlink&xmlId=9780134780856
=856  40$3Safari Books Online$zConnect to resource (off-campus)$uhttp://proxy.ohiolink.edu:9099/login?url=http://proquest.safaribooksonline.com/?uiCode=ohlink&xmlId=9780134780856
=910  \\$asafari-2018-01

