=LDR  02254cam  2200541Ii 4500
=001  on1019129029
=003  OCoLC
=005  20180305031521.0
=006  m\\\\\o\\d\\\\\\\\
=007  cr\unu||||||||
=008  180111s2018\\\\inua\\\\o\\\\\001\0\eng\d
=040  \\$aUMI$beng$erda$epn$cUMI$dTOH$dSTF$dOCLCF$dOH1
=020  \\$a9780134783680
=020  \\$a0134783689
=020  \\$z9780789759009
=029  1\$aGBVCP$b1014933714
=035  \\$a(OCoLC)1019129029
=037  \\$aCL0500000927$bSafari Books Online
=050  \4$aQA76.3
=049  \\$aOH1A
=100  1\$aBarrett, Diane,$eauthor.
=245  10$aExam cram CompTIA security+ SY0-501 /$h[electronic resource]
=246  30$aCompTIA security+ SY0-501
=250  \\$aFifth edition.
=264  \1$aIndianapolis, Indiana :$bPearson IT Certification,$c[2018]
=264  \4$c©2018
=300  \\$a1 online resource (1 volume) :$billustrations.
=336  \\$atext$btxt$2rdacontent
=337  \\$acomputer$bc$2rdamedia
=338  \\$aonline resource$bcr$2rdacarrier
=490  1\$aExam cram
=506  \\$aAvailable to OhioLINK libraries
=588  \\$aDescription based on online resource; title from title page (viewed January 9, 2018).
=500  \\$aIncludes index.
=650  \0$aElectronic data processing personnel$xCertification.
=650  \0$aComputer networks$xExaminations$vStudy guides.
=650  \0$aComputer technicians$xCertification$vStudy guides.
=650  \7$aComputer networks$xExaminations.$2fast$0(OCoLC)fst00872313
=650  \7$aComputer technicians$xCertification.$2fast$0(OCoLC)fst00872659
=650  \7$aElectronic data processing personnel$xCertification.$2fast$0(OCoLC)fst00907100
=655  \4$aElectronic books.
=655  \7$aStudy guides.$2fast$0(OCoLC)fst01423888
=700  1\$aWeiss, Martin$q(Martin M.),$eauthor.
=710  2\$aOhio Library and Information Network
=830  \0$aExam cram (Pearson Education, Inc.)
=856  40$3Safari Books Online$zConnect to resource$uhttp://proquest.safaribooksonline.com/?uiCode=ohlink&xmlId=9780134783680
=856  40$3Safari Books Online$zConnect to resource (off-campus)$uhttp://proxy.ohiolink.edu:9099/login?url=http://proquest.safaribooksonline.com/?uiCode=ohlink&xmlId=9780134783680
=910  \\$asafari-2018-01

