=LDR  02191cam  2200529Ii 4500
=001  on1015687250
=003  OCoLC
=005  20180305031521.0
=006  m\\\\\o\\d\\\\\\\\
=007  cr\unu||||||||
=008  171218s2018\\\\caua\\\\o\\\\\001\0\eng\d
=040  \\$aUMI$beng$erda$epn$cUMI$dOCLCF$dTOH$dSTF$dOH1
=020  \\$a9780134844480
=020  \\$a0134844483
=020  \\$z9780134844350
=029  1\$aGBVCP$b1014933749
=035  \\$a(OCoLC)1015687250
=037  \\$aCL0500000920$bSafari Books Online
=050  \4$aTR267.5.A33
=049  \\$aOH1A
=100  1\$aEvans, John$c(Technical writer),$eauthor.
=245  10$aAdobe Photoshop Elements 2018 classroom in a book :$cJohn Evans & Katrin Straub.$h[electronic resource]
=264  \1$aSan Jose, California :$bAdobe,$c[2018]
=264  \4$c©2018
=300  \\$a1 online resource (1 volume) :$billustrations
=336  \\$atext$btxt$2rdacontent
=337  \\$acomputer$bc$2rdamedia
=338  \\$aonline resource$bcr$2rdacarrier
=490  1\$aClassroom in a book
=506  \\$aAvailable to OhioLINK libraries
=588  \\$aDescription based on online resource; title from title page (Safari, viewed December 15, 2017).
=500  \\$aIncludes index.
=630  00$aAdobe Photoshop elements.
=630  07$aAdobe Photoshop elements.$2fast$0(OCoLC)fst01395485
=650  \0$aImage processing$xDigital techniques.
=650  \0$aPhotography$xDigital techniques.
=650  \0$aComputer graphics.
=650  \7$aComputer graphics.$2fast$0(OCoLC)fst00872119
=650  \7$aImage processing$xDigital techniques.$2fast$0(OCoLC)fst00967508
=650  \7$aPhotography$xDigital techniques.$2fast$0(OCoLC)fst01061736
=655  \4$aElectronic books.
=700  1\$aStraub, Katrin,$eauthor.
=710  2\$aOhio Library and Information Network
=830  \0$aClassroom in a book.
=856  40$3Safari Books Online$zConnect to resource$uhttp://proquest.safaribooksonline.com/?uiCode=ohlink&xmlId=9780134844480
=856  40$3Safari Books Online$zConnect to resource (off-campus)$uhttp://proxy.ohiolink.edu:9099/login?url=http://proquest.safaribooksonline.com/?uiCode=ohlink&xmlId=9780134844480
=910  \\$asafari-2018-01

