=LDR  02421cam  2200553Ii 4500
=001  on1015687251
=003  OCoLC
=005  20180305031521.0
=006  m\\\\\o\\d\\\\\\\\
=007  cr\unu||||||||
=008  171218s2018\\\\inua\\\\o\\\\\001\0\eng\d
=040  \\$aUMI$beng$erda$epn$cUMI$dOCLCA$dOCLCF$dTOH$dSTF$dOH1
=020  \\$a9780134845906
=020  \\$a0134845900
=020  \\$z9780789759122
=029  1\$aGBVCP$b1014933757
=035  \\$a(OCoLC)1015687251
=037  \\$aCL0500000920$bSafari Books Online
=050  \4$aQA76.9.A25
=049  \\$aOH1A
=100  1\$aProwse, David L.,$eauthor.
=245  10$aCompTIA security+ SY0-501 cert guide /$h[electronic resource]
=246  3\$aComputing Technology Industry Association security plus SY0-501 certification guide
=250  \\$aAcademic edition.
=264  \1$aIndianapolis, Indiana :$bPearson,$c[2018]
=264  \4$c©2018
=300  \\$a1 online resource (1 volume) :$billustrations
=336  \\$atext$btxt$2rdacontent
=337  \\$acomputer$bc$2rdamedia
=338  \\$aonline resource$bcr$2rdacarrier
=490  1\$aCert guide
=506  \\$aAvailable to OhioLINK libraries
=588  \\$aDescription based on online resource; title from title page (Safari, viewed December 15, 2017).
=500  \\$aIncludes index.
=650  \0$aComputer security$xExaminations$vStudy guides.
=650  \0$aComputer networks$xSecurity measures$xExaminations$vStudy guides.
=650  \0$aComputer technicians$xCertification$vStudy guides.
=650  \0$aElectronic data processing personnel$xCertification$vStudy guides.
=650  \7$aComputer networks$xSecurity measures$xExaminations.$2fast$0(OCoLC)fst00872343
=650  \7$aComputer security$xExaminations.$2fast$0(OCoLC)fst00872489
=650  \7$aComputer technicians$xCertification.$2fast$0(OCoLC)fst00872659
=650  \7$aElectronic data processing personnel$xCertification.$2fast$0(OCoLC)fst00907100
=655  \4$aElectronic books.
=655  \7$aStudy guides.$2fast$0(OCoLC)fst01423888
=710  2\$aOhio Library and Information Network
=830  \0$aCert guide.
=856  40$3Safari Books Online$zConnect to resource$uhttp://proquest.safaribooksonline.com/?uiCode=ohlink&xmlId=9780134845906
=856  40$3Safari Books Online$zConnect to resource (off-campus)$uhttp://proxy.ohiolink.edu:9099/login?url=http://proquest.safaribooksonline.com/?uiCode=ohlink&xmlId=9780134845906
=910  \\$asafari-2018-01

