=LDR  03270cam  2200577Ii 4500
=001  on1015887827
=003  OCoLC
=005  20180305031521.0
=006  m\\\\\o\\d\\\\\\\\
=007  cr\cnu|||unuuu
=008  171219s2018\\\\cau\\\\\o\\\\\001\0\eng\d
=040  \\$aN$T$beng$erda$epn$cN$T$dN$T$dOCLCF$dUMI$dSTF$dOH1
=019  \\$a1020288595
=020  \\$a9780134852546$q(electronic bk.)
=020  \\$a0134852540$q(electronic bk.)
=020  \\$z9780134852485
=020  \\$a9780134852560
=020  \\$a0134852567
=029  1\$aGBVCP$b1014933773
=035  \\$a(OCoLC)1015887827$z(OCoLC)1020288595
=037  \\$aCL0500000932$bSafari Books Online
=050  \4$aTR267.5.A3
=072  \7$aCOM$x000000$2bisacsh
=082  04$a006.6/96$223
=049  \\$aOH1A
=100  1\$aFaulkner, Andrew,$eauthor.
=245  10$aAdobe Photoshop CC classroom in a book, 2018 release /$h[electronic resource]
=264  \1$a[San Jose, California] :$bAdobe Press,$c[2018]
=300  \\$a1 online resource.
=336  \\$atext$btxt$2rdacontent
=337  \\$acomputer$bc$2rdamedia
=338  \\$aonline resource$bcr$2rdacarrier
=490  1\$aClassroom in a book
=500  \\$aIncludes index.
=506  \\$aAvailable to OhioLINK libraries
=520  \\$aCreative professionals seeking the fastest, easiest, most comprehensive way to learn Adobe Photoshop choose Adobe Photoshop CC Classroom in a Book (2018 release) from Adobe Press. The 15 project-based lessons show key step-by-step techniques for working in Photoshop, including how to correct, enhance, and distort digital images, create image composites, and prepare images for print and the web.   In addition to learning the essential elements of the Photoshop interface, this revised edition for the 2018 release covers features like search capabilities, Content-Aware Crop, Select and Mask, Face-Aware Liquify, designing with multiple artboards, creating and organizing enhanced brush presets, and much more!   The online companion files include all the necessary assets for readers to complete the projects featured in each chapter as well as ebook updates when Adobe releases relevant new features for Creative Cloud customers. All buyers of the book get full access to the Web Edition: a Web-based version of the complete ebook enhanced with video and multiple-choice quizzes.
=588  0\$aVendor-supplied metadata.
=630  00$aAdobe Photoshop.
=630  07$aAdobe Photoshop.$2fast$0(OCoLC)fst01378295
=650  \0$aPhotography$xDigital techniques.
=650  \0$aImage processing$xDigital techniques.
=650  \7$aCOMPUTERS / General.$2bisacsh
=650  \7$aImage processing$xDigital techniques.$2fast$0(OCoLC)fst00967508
=650  \7$aPhotography$xDigital techniques.$2fast$0(OCoLC)fst01061736
=655  \4$aElectronic books.
=700  1\$aChavez, Conrad,$eauthor.
=710  2\$aOhio Library and Information Network
=830  \0$aClassroom in a book.
=856  40$3Safari Books Online$zConnect to resource$uhttp://proquest.safaribooksonline.com/?uiCode=ohlink&xmlId=9780134852560
=856  40$3Safari Books Online$zConnect to resource (off-campus)$uhttp://proxy.ohiolink.edu:9099/login?url=http://proquest.safaribooksonline.com/?uiCode=ohlink&xmlId=9780134852560
=910  \\$asafari-2018-01

