=LDR  03444cam  2200553I  4500
=001  on1013743073
=003  OCoLC
=005  20180305031521.0
=006  m\\\\\o\\d\\\\\\\\
=007  cr\|n|||||||||
=008  171202s2018\\\\cau\\\\\o\\\\\000\0\eng\d
=040  \\$aYDX$beng$cYDX$dN$T$dOCLCF$dUMI$dTOH$dSTF$dOH1
=019  \\$a1013462586$a1013854211$a1018312746
=020  \\$a9780134853130$q(electronic bk.)
=020  \\$a013485313X$q(electronic bk.)
=020  \\$z0134852494
=020  \\$z9780134852492
=020  \\$a9780134853154
=020  \\$a0134853156
=029  1\$aGBVCP$b101493379X
=035  \\$a(OCoLC)1013743073$z(OCoLC)1013462586$z(OCoLC)1013854211$z(OCoLC)1018312746
=037  \\$aCL0500000924$bSafari Books Online
=050  \4$aT385
=072  \7$aCOM$x000000$2bisacsh
=082  04$a006.6$223
=049  \\$aOH1A
=100  1\$aWood, Brian$c(Adobe instructor)
=245  10$aAdobe Illustrator CC classroom in a book, 2018 release :$cBrian Wood.$h[electronic resource]
=260  \\$a[San Jose, California] :$bAdobe,$c[2018]
=300  \\$a1 online resource.
=336  \\$atext$btxt$2rdacontent
=337  \\$acomputer$bc$2rdamedia
=338  \\$aonline resource$bcr$2rdacarrier
=490  1\$aClassroom in a book
=506  \\$aAvailable to OhioLINK libraries
=520  \\$aCreative professionals seeking the fastest, easiest, most comprehensive way to learn Adobe Illustrator CC (2018 release) choose Adobe Illustrator CC Classroom in a Book (2018 release) from the best-selling series of hands-on software training workbooks from Adobe Press. The 15 project-based lessons show users the key techniques for realizing your creative potential with Adobe Illustrator CC. Following hands-on step-by-step projects, users create logos, illustrations, posters, and more. Explore the new Essentials workspace that makes learning Illustrator even easier. Learn how to use the Shaper tool and Live Shapes along with dynamic symbols to streamline graphics creation. Create website assets and export them in multiple formats to support modern responsive web designs. From exacting illustration to free-form painting, you'll build a strong foundation in Illustrator as you progress through the lessons.   The online companion files include all the necessary assets for readers to complete the projects featured in each chapter as well as ebook updates when Adobe releases relevant new features for Creative Cloud customers. All buyers of the book get full access to the Web Edition: a Web-based version of the complete ebook enhanced with video and multiple-choice quizzes.
=588  0\$aVendor-supplied metadata.
=630  00$aAdobe Illustrator (Computer file)
=630  07$aAdobe Illustrator (Computer file)$2fast$0(OCoLC)fst01373930
=650  \0$aComputer graphics.
=650  \7$aCOMPUTERS / General.$2bisacsh
=650  \7$aComputer graphics.$2fast$0(OCoLC)fst00872119
=655  \4$aElectronic books.
=710  2\$aOhio Library and Information Network
=776  08$cOriginal$z0134852494$z9780134852492$w(OCoLC)1008876717
=830  \0$aClassroom in a book.
=856  40$3Safari Books Online$zConnect to resource$uhttp://proquest.safaribooksonline.com/?uiCode=ohlink&xmlId=9780134853154
=856  40$3Safari Books Online$zConnect to resource (off-campus)$uhttp://proxy.ohiolink.edu:9099/login?url=http://proquest.safaribooksonline.com/?uiCode=ohlink&xmlId=9780134853154
=910  \\$asafari-2018-01

