=LDR  03748cam  2200625Ii 4500
=001  on1014019871
=003  OCoLC
=005  20180305031521.0
=006  m\\\\\o\\d\\\\\\\\
=007  cr\cnu|||unuuu
=008  171206s2018\\\\cau\\\\\o\\\\\001\0\eng\d
=040  \\$aN$T$beng$erda$epn$cN$T$dN$T$dOCLCF$dYDX$dUMI$dSTF$dOH1
=019  \\$a1019827292
=020  \\$a9780134853260$q(electronic bk.)
=020  \\$a0134853261$q(electronic bk.)
=020  \\$z9780134852508
=020  \\$a9780134872001
=020  \\$a0134872002
=029  1\$aGBVCP$b1014933846
=035  \\$a(OCoLC)1014019871$z(OCoLC)1019827292
=037  \\$aCL0500000930$bSafari Books Online
=050  \4$aZ253.532.A34
=072  \7$aCRA$x046000$2bisacsh
=072  \7$aDES$x001000$2bisacsh
=072  \7$aTEC$x040000$2bisacsh
=072  \7$aCOM$x022000$2bisacsh
=082  04$a686.2/2544536$223
=049  \\$aOH1A
=100  1\$aAnton, Kelly Kordes,$eauthor.
=245  10$aAdobe InDesign CC classroom in a book, 2018 release :$cKelly Kordes Anton & Tina DeJarld.$h[electronic resource]
=264  \1$a[San Jose, California] :$bAdobe Press,$c[2018]
=300  \\$a1 online resource.
=336  \\$atext$btxt$2rdacontent
=337  \\$acomputer$bc$2rdamedia
=338  \\$aonline resource$bcr$2rdacarrier
=490  1\$aClassroom in a book
=500  \\$aIncludes index.
=506  \\$aAvailable to OhioLINK libraries
=520  \\$aCreative professionals seeking the fastest, easiest, most comprehensive way to learn Adobe InDesign choose Adobe InDesign CC Classroom in a Book (2018 release) from Adobe Press. The 15 project-based step-by-step lessons show users the key techniques for working in InDesign. Designers will build a strong foundation of typographic, page layout, and document-construction skills that will enable them to produce a broad range of print and digital publications--from a simple postcard to an interactive Adobe PDF with form fields. The real-world tasks in this comprehensive book are presented in an easy-to-follow, step-by-step format and are designed to train beginning Adobe InDesign users in the program--from fundamental features to powerful layout and output skills. This book will also help experienced InDesign users elevate their skills, understand best practices, and learn about new features.  The online companion files include all the necessary assets for readers to complete the projects featured in each lesson as well as ebook updates when Adobe releases relevant new features for Creative Cloud customers. All buyers of the book get full access to the Web Edition: a Web-based version of the complete ebook enhanced with video and multiple-choice quizzes.
=588  0\$aVendor-supplied metadata.
=630  00$aAdobe InDesign (Electronic resource)
=630  07$aAdobe InDesign (Electronic resource)$2fast$0(OCoLC)fst01716231
=650  \0$aDesktop publishing.
=650  \7$aCRAFTS & HOBBIES / Book Printing & Binding.$2bisacsh
=650  \7$aDESIGN / Book.$2bisacsh
=650  \7$aTECHNOLOGY & ENGINEERING / Technical & Manufacturing Industries & Trades.$2bisacsh
=650  \7$aCOMPUTERS / Desktop Applications / Desktop Publishing.$2bisacsh
=650  \7$aDesktop publishing.$2fast$0(OCoLC)fst00891371
=655  \4$aElectronic books.
=700  1\$aDeJarld, Tina,$eauthor.
=710  2\$aOhio Library and Information Network
=830  \0$aClassroom in a book.
=856  40$3Safari Books Online$zConnect to resource$uhttp://proquest.safaribooksonline.com/?uiCode=ohlink&xmlId=9780134872001
=856  40$3Safari Books Online$zConnect to resource (off-campus)$uhttp://proxy.ohiolink.edu:9099/login?url=http://proquest.safaribooksonline.com/?uiCode=ohlink&xmlId=9780134872001
=910  \\$asafari-2018-01

