=LDR  02219cam  2200541Ii 4500
=001  on1019901815
=003  OCoLC
=005  20180305031521.0
=006  m\\\\\o\\d\\\\\\\\
=007  cr\unu||||||||
=008  180119s2018\\\\caua\\\\o\\\\\000\0\eng\d
=040  \\$aUMI$beng$erda$epn$cUMI$dSTF$dOCLCF$dOH1
=020  \\$z9780134852522
=020  \\$a9780134872179
=020  \\$a0134872177
=029  1\$aGBVCP$b1014933854
=035  \\$a(OCoLC)1019901815
=037  \\$aCL0500000931$bSafari Books Online
=050  \4$aTK5105.8885.D74
=049  \\$aOH1A
=100  1\$aMaivald, James J.,$eauthor.
=245  10$aAdobe Dreamweaver CC classroom in a book, 2018 release /$h[electronic resource]
=246  3\$aAdobe Dreamweaver Creative Cloud 2018 release
=264  \1$aSan Jose, CA :$bAdobe,$c[2018]
=300  \\$a1 online resource (1 volume) :$billustrations
=336  \\$atext$btxt$2rdacontent
=337  \\$acomputer$bc$2rdamedia
=338  \\$aonline resource$bcr$2rdacarrier
=490  1\$aClassroom in a book
=506  \\$aAvailable to OhioLINK libraries
=588  \\$aDescription based on online resource; title from cover (viewed January 18, 2018).
=500  \\$a"The official training workbook from Adobe."
=630  00$aDreamweaver (Computer file)
=630  07$aDreamweaver (Computer file)$2fast$0(OCoLC)fst01389907
=650  \0$aWeb sites$xAuthoring programs.
=650  \0$aHTML editors (Computer programs)
=650  \0$aWeb site development.
=650  \0$aWeb sites$xDesign.
=650  \7$aHTML editors (Computer programs)$2fast$0(OCoLC)fst00950000
=650  \7$aWeb site development.$2fast$0(OCoLC)fst01173243
=650  \7$aWeb sites$xAuthoring programs.$2fast$0(OCoLC)fst01173249
=650  \7$aWeb sites$xDesign.$2fast$0(OCoLC)fst01173252
=655  \4$aElectronic books.
=710  2\$aOhio Library and Information Network
=830  \0$aClassroom in a book.
=856  40$3Safari Books Online$zConnect to resource$uhttp://proquest.safaribooksonline.com/?uiCode=ohlink&xmlId=9780134872179
=856  40$3Safari Books Online$zConnect to resource (off-campus)$uhttp://proxy.ohiolink.edu:9099/login?url=http://proquest.safaribooksonline.com/?uiCode=ohlink&xmlId=9780134872179
=910  \\$asafari-2018-01

