=LDR  02088cam  2200517Ii 4500
=001  on1019901849
=003  OCoLC
=005  20180305031521.0
=006  m\\\\\o\\d\\\\\\\\
=007  cr\unu||||||||
=008  180119s2018\\\\xx\a\\\\o\\\\\001\0\eng\d
=040  \\$aUMI$beng$erda$epn$cUMI$dUMI$dOCLCF$dOH1
=020  \\$a9780134872483
=020  \\$a0134872487
=020  \\$z9780134853239
=029  1\$aGBVCP$b1014933870
=035  \\$a(OCoLC)1019901849
=037  \\$aCL0500000931$bSafari Books Online
=050  \4$aTR899
=049  \\$aOH1A
=100  1\$aJago, Maxim,$eauthor.
=245  10$aAdobe Premiere Pro CC classroom in a book 2018 release :$cMaxim Jago.$h[electronic resource]
=246  3\$aAdobe Premiere Pro Creative Cloud classroom in a book 2018 release
=264  \1$a[Place of publication not identified] :$bAdobe,$c[2018]
=264  \4$c©2018
=300  \\$a1 online resource (1 volume) :$billustrations.
=336  \\$atext$btxt$2rdacontent
=337  \\$acomputer$bc$2rdamedia
=338  \\$aonline resource$bcr$2rdacarrier
=490  1\$aClassroom in a book
=506  \\$aAvailable to OhioLINK libraries
=588  \\$aDescription based on online resource; title from title page (viewed January 18, 2018).
=500  \\$aIncludes index.
=630  00$aAdobe Premiere.
=630  07$aAdobe Premiere.$2fast$0(OCoLC)fst01381865
=650  \0$aDigital video$xEditing.
=650  \0$aMotion pictures$xEditing.
=650  \7$aDigital video$xEditing.$2fast$0(OCoLC)fst00893740
=650  \7$aMotion pictures$xEditing.$2fast$0(OCoLC)fst01027319
=655  \4$aElectronic books.
=710  2\$aOhio Library and Information Network
=710  2\$aAdobe Systems,$eissuing body.
=830  \0$aClassroom in a book.
=856  40$3Safari Books Online$zConnect to resource$uhttp://proquest.safaribooksonline.com/?uiCode=ohlink&xmlId=9780134872483
=856  40$3Safari Books Online$zConnect to resource (off-campus)$uhttp://proxy.ohiolink.edu:9099/login?url=http://proquest.safaribooksonline.com/?uiCode=ohlink&xmlId=9780134872483
=910  \\$asafari-2018-01

