=LDR  02536cam  2200601Ii 4500
=001  on1018312796
=003  OCoLC
=005  20180305031521.0
=006  m\\\\\o\\d\\\\\\\\
=007  cr\unu||||||||
=008  180108s2018\\\\caua\\\\o\\\\\001\0\eng\d
=040  \\$aUMI$beng$erda$epn$cUMI$dN$T$dTOH$dSTF$dOCLCF$dYDX$dOH1
=019  \\$a1013462587$a1013736511
=020  \\$a9780134872506$q(electronic bk.)
=020  \\$a0134872509$q(electronic bk.)
=020  \\$a9780134872537
=020  \\$a0134872533
=020  \\$z9780134853253
=020  \\$z0134853253
=029  1\$aAU@$b000061341813
=029  1\$aGBVCP$b1014933889
=035  \\$a(OCoLC)1018312796$z(OCoLC)1013462587$z(OCoLC)1013736511
=037  \\$aCL0500000924$bSafari Books Online
=050  \4$aTA1637
=072  \7$aCOM$x000000$2bisacsh
=082  04$a006.786$223
=049  \\$aOH1A
=100  1\$aGyncild, Brie,$eauthor.
=245  10$aAdobe After Effects CC classroom in a book (2018 release) :$cBrie Gyncild & Lisa Fridsma.$h[electronic resource]
=246  3\$aAdobe After Effects Creative Cloud classroom in a book (2018 release)
=264  \1$aSan Jose, CA :$bAdobe Press,$c[2018]
=264  \4$c©2018
=300  \\$a1 online resource (1 volume) :$billustrations
=336  \\$atext$btxt$2rdacontent
=337  \\$acomputer$bc$2rdamedia
=338  \\$aonline resource$bcr$2rdacarrier
=506  \\$aAvailable to OhioLINK libraries
=588  \\$aDescription based on online resource; title from title page (Safari, viewed January 8, 2018).
=500  \\$aIncludes index.
=630  00$aAdobe After effects.
=630  07$aAdobe After effects.$2fast$0(OCoLC)fst01386108
=650  \0$aImage processing$xDigital techniques.
=650  \0$aCinematography$xSpecial effects$xData processing.
=650  \7$aCOMPUTERS / General.$2bisacsh
=650  \7$aCinematography$xSpecial effects$xData processing.$2fast$0(OCoLC)fst00861508
=650  \7$aImage processing$xDigital techniques.$2fast$0(OCoLC)fst00967508
=655  \4$aElectronic books.
=700  1\$aFridsma, Lisa,$eauthor.
=710  2\$aOhio Library and Information Network
=776  08$cOriginal$z0134853253$z9780134853253$w(OCoLC)1008873543
=856  40$3Safari Books Online$zConnect to resource$uhttp://proquest.safaribooksonline.com/?uiCode=ohlink&xmlId=9780134872537
=856  40$3Safari Books Online$zConnect to resource (off-campus)$uhttp://proxy.ohiolink.edu:9099/login?url=http://proquest.safaribooksonline.com/?uiCode=ohlink&xmlId=9780134872537
=910  \\$asafari-2018-01

