=LDR  02049cam  2200457Ii 4500
=001  on1018473667
=003  OCoLC
=005  20180305031521.0
=006  m\\\\\o\\d\\\\\\\\
=007  cr\unu||||||||
=008  180110s2017\\\\nyua\\\\ob\\\\000\0\eng\d
=040  \\$aUMI$beng$erda$epn$cUMI$dTOH$dSTF$dOCLCF$dOH1
=029  1\$aGBVCP$b101493401X
=035  \\$a(OCoLC)1018473667
=037  \\$aCL0500000926$bSafari Books Online
=050  \4$aQA76.9.A73
=049  \\$aOH1A
=100  1\$aDufrasne, Bertrand,$eauthor.
=245  10$aIBM DS8880 architecture and implementation (release 8.3) /$h[electronic resource]
=250  \\$aFourth edition.
=264  \1$aPoughkeepsie, NY :$bIBM Corporation, International Technical Support Organization,$c2017.
=300  \\$a1 online resource (1 volume) :$billustrations.
=336  \\$atext$btxt$2rdacontent
=337  \\$acomputer$bc$2rdamedia
=338  \\$aonline resource$bcr$2rdacarrier
=490  1\$aIBM redbooks
=506  \\$aAvailable to OhioLINK libraries
=588  \\$aDescription based on online resource; title from cover (Safari, viewed January 9, 2018).
=500  \\$aNumber on resource description page: SG24832303.
=504  \\$aIncludes bibliographical references.
=650  \0$aComputer architecture.
=650  \0$aStorage area networks (Computer networks)
=650  \7$aComputer architecture.$2fast$0(OCoLC)fst00872026
=650  \7$aStorage area networks (Computer networks)$2fast$0(OCoLC)fst01133978
=655  \4$aElectronic books.
=710  2\$aOhio Library and Information Network
=710  2\$aInternational Business Machines Corporation.$bInternational Technical Support Organization,$eissuing body.
=830  \0$aIBM redbooks.
=856  40$3Safari Books Online$zConnect to resource$uhttp://proquest.safaribooksonline.com/?uiCode=ohlink&xmlId=9780738442778
=856  40$3Safari Books Online$zConnect to resource (off-campus)$uhttp://proxy.ohiolink.edu:9099/login?url=http://proquest.safaribooksonline.com/?uiCode=ohlink&xmlId=9780738442778
=910  \\$asafari-2018-01

