=LDR  02405cam  2200529Ii 4500
=001  on1015687252
=003  OCoLC
=005  20180305031521.0
=006  m\\\\\o\\d\\\\\\\\
=007  cr\unu||||||||
=008  171218s2017\\\\nyua\\\\ob\\\\000\0\eng\d
=040  \\$aUMI$beng$erda$epn$cUMI$dOCLCF$dTOH$dOH1
=029  1\$aGBVCP$b1014934028
=035  \\$a(OCoLC)1015687252
=037  \\$aCL0500000920$bSafari Books Online
=050  \4$aTK5105.86
=049  \\$aOH1A
=100  1\$aGreen, David,$eauthor.
=245  10$aImplementing a VersaStack solution by Cisco and IBM with IBM Storwize V5030, Cisco UCS Mini, Hyper-V, and SQL server /$h[electronic resource]
=250  \\$aFirst edition.
=264  \1$aPoughkeepsie, NY :$bIBM Corporation, International Technical Support Organization,$c2017.
=300  \\$a1 online resource (1 volume) :$billustrations.
=336  \\$atext$btxt$2rdacontent
=337  \\$acomputer$bc$2rdamedia
=338  \\$aonline resource$bcr$2rdacarrier
=490  1\$aIBM redbooks
=506  \\$aAvailable to OhioLINK libraries
=588  \\$aDescription based on online resource; title from cover page (Safari, viewed December 15, 2017).
=500  \\$a"Storage."
=504  \\$aIncludes bibliographical references.
=500  \\$aNumber on resource description page: SG24840700.
=650  \0$aStorage area networks (Computer networks)
=650  \0$aInformation technology$xManagement.
=650  \0$aDatabase management$vSoftware.
=650  \0$aInformation retrieval.
=650  \7$aDatabase management.$2fast$0(OCoLC)fst00888037
=650  \7$aInformation retrieval.$2fast$0(OCoLC)fst00972619
=650  \7$aInformation technology$xManagement.$2fast$0(OCoLC)fst00973112
=650  \7$aStorage area networks (Computer networks)$2fast$0(OCoLC)fst01133978
=655  \4$aElectronic books.
=655  \7$aSoftware.$2fast$0(OCoLC)fst01411640
=710  2\$aOhio Library and Information Network
=710  2\$aInternational Business Machines Corporation.$bInternational Technical Support Organization.
=830  \0$aIBM redbooks.
=856  40$3Safari Books Online$zConnect to resource$uhttp://proquest.safaribooksonline.com/?uiCode=ohlink&xmlId=9780738442785
=856  40$3Safari Books Online$zConnect to resource (off-campus)$uhttp://proxy.ohiolink.edu:9099/login?url=http://proquest.safaribooksonline.com/?uiCode=ohlink&xmlId=9780738442785
=910  \\$asafari-2018-01

