=LDR  02136cam  2200517Ii 4500
=001  on1019708025
=003  OCoLC
=005  20180305031521.0
=006  m\\\\\o\\d\\\\\\\\
=007  cr\unu||||||||
=008  180116s2017\\\\nyua\\\\ob\\\\000\0\eng\d
=040  \\$aUMI$beng$erda$epn$cUMI$dUMI$dSTF$dOH1
=020  \\$z0738442860
=029  1\$aGBVCP$b1014934052
=035  \\$a(OCoLC)1019708025
=037  \\$aCL0500000929$bSafari Books Online
=050  \4$aQA76.76.A65
=049  \\$aOH1A
=100  1\$aAzraq, Ahmed,$eauthor.
=245  10$aEssentials of application development on IBM Cloud :$cAhmed Azraq, Hala A. Aziz, Uzma Siddiqui.$h[electronic resource]
=250  \\$aThird edition.
=264  \1$aPoughkeepsie, NY :$bIBM Corporation, International Technical Support Organization,$c2017.
=300  \\$a1 online resource (1 volume) :$billustrations.
=336  \\$atext$btxt$2rdacontent
=337  \\$acomputer$bc$2rdamedia
=338  \\$aonline resource$bcr$2rdacarrier
=490  1\$aIBM redbooks
=506  \\$aAvailable to OhioLINK libraries
=588  \\$aDescription based on online resource; title from cover (viewed January 15, 2018).
=500  \\$a"In partnership with IBM Skills Academy Program."
=500  \\$a"Cloud."
=500  \\$a"SG24837402"--Cover page 4.
=504  \\$aIncludes bibliographical references.
=630  00$aIBM Cloud.
=650  \0$aApplication software$xDevelopment.
=650  \0$aCloud computing.
=650  \0$aSoftware architecture.
=655  \4$aElectronic books.
=700  1\$aAziz, Hala A.,$eauthor.
=700  1\$aSiddiqui, Uzma,$eauthor.
=710  2\$aOhio Library and Information Network
=710  2\$aInternational Business Machines Corporation.$bInternational Technical Support Organization,$eissuing body.
=830  \0$aIBM redbooks.
=856  40$3Safari Books Online$zConnect to resource$uhttp://proquest.safaribooksonline.com/?uiCode=ohlink&xmlId=9780738442860
=856  40$3Safari Books Online$zConnect to resource (off-campus)$uhttp://proxy.ohiolink.edu:9099/login?url=http://proquest.safaribooksonline.com/?uiCode=ohlink&xmlId=9780738442860
=910  \\$asafari-2018-01

