=LDR  02157cam  2200481Ii 4500
=001  on1020288632
=003  OCoLC
=005  20180305031521.0
=006  m\\\\\o\\d\\\\\\\\
=007  cr\unu||||||||
=008  180124s2017\\\\nyua\\\\ob\\\\000\0\eng\d
=040  \\$aUMI$beng$erda$epn$cUMI$dSTF$dOH1
=029  1\$aGBVCP$b1014934095
=035  \\$a(OCoLC)1020288632
=037  \\$aCL0500000932$bSafari Books Online
=050  \4$aQA76.6
=049  \\$aOH1A
=100  1\$aWacker, Klaus,$eauthor.
=245  10$aIBM CICS Asynchronous API :$cPradeep Gohil [and four others].$h[electronic resource]
=246  3\$aInternational Business Machines Customer Information Control System Asynchronous Application program interface
=250  \\$aFirst edition.
=264  \1$aPoughkeepsie, NY :$bIBM Corporation, International Technical Support Organization,$c2017.
=300  \\$a1 online resource (1 volume) :$billustrations.
=336  \\$atext$btxt$2rdacontent
=337  \\$acomputer$bc$2rdamedia
=338  \\$aonline resource$bcr$2rdacarrier
=490  1\$aIBM redbooks
=506  \\$aAvailable to OhioLINK libraries
=588  \\$aDescription based on online resource; title from cover (Safari, viewed January 18, 2018).
=500  \\$aNumber on resource description page: SG24841100.
=504  \\$aIncludes bibliographical references.
=650  \0$aInformation technology$xManagement.
=650  \0$aComputer networks$xManagement.
=650  \0$aClient/server computing.
=650  \0$aCICS (Computer system)
=650  \0$aApplication program interfaces (Computer software)
=655  \4$aElectronic books.
=710  2\$aOhio Library and Information Network
=710  2\$aInternational Business Machines Corporation.$bInternational Technical Support Organization,$epublisher.
=830  \0$aIBM redbooks.
=856  40$3Safari Books Online$zConnect to resource$uhttp://proquest.safaribooksonline.com/?uiCode=ohlink&xmlId=9780738442921
=856  40$3Safari Books Online$zConnect to resource (off-campus)$uhttp://proxy.ohiolink.edu:9099/login?url=http://proquest.safaribooksonline.com/?uiCode=ohlink&xmlId=9780738442921
=910  \\$asafari-2018-01

