=LDR  02164cam  2200469Ma 4500
=001  ocn821704670
=003  OCoLC
=005  20180305031521.0
=006  m\\\\\o\\d\\\\\\\\
=007  cr\zn|||||||||
=008  121102s2013\\\\maua\\\\ob\\\\001\0\eng\d
=040  \\$aB24X7$beng$epn$cB24X7$dOCLCQ$dOCLCO$dOCLCF$dOCLCQ$dYDX$dOCLCQ$dLIV$dOCLCA$dUMI$dSTF$dOH1
=019  \\$a1019827287
=020  \\$z9780763761417$q(pbk.)
=020  \\$z9781449648206
=020  \\$a9781449678043
=020  \\$a1449678041
=029  1\$aAU@$b000053284531
=029  1\$aGBVCP$b101493415X
=035  \\$a(OCoLC)821704670$z(OCoLC)1019827287
=037  \\$aCL0500000930$bSafari Books Online
=050  \4$aQA76.9.A25$bS652 2013eb
=082  04$a005.8$222
=049  \\$aOH1A
=100  1\$aSmith, Richard E.,$d1952-
=245  10$aElementary information security /$h[electronic resource]
=260  \\$aBurlington, Mass. :$bJones & Bartlett Learning,$c©2013.
=300  \\$a1 online resource
=336  \\$atext$btxt$2rdacontent
=337  \\$acomputer$bc$2rdamedia
=338  \\$aonline resource$bcr$2rdacarrier
=500  \\$aTitle from title screen.
=504  \\$aIncludes bibliographical references and index.
=505  0\$aSecurity from the ground up -- Controlling a computer -- Controlling files -- Sharing files -- Storing files -- Authenticating people -- Encrypting files -- Secret and public keys -- Encrypting volumes -- Connecting computers -- Networks of networks -- End-to-end networking -- Enterprise computing -- Network encryption -- Internet services and email -- The world wide web -- Governments and secrecy.
=506  \\$aAvailable to OhioLINK libraries
=650  \0$aComputer security.
=650  \7$aComputer security.$2fast$0(OCoLC)fst00872484
=655  \4$aElectronic books.
=710  2\$aOhio Library and Information Network
=856  40$3Safari Books Online$zConnect to resource$uhttp://proquest.safaribooksonline.com/?uiCode=ohlink&xmlId=9780763761417
=856  40$3Safari Books Online$zConnect to resource (off-campus)$uhttp://proxy.ohiolink.edu:9099/login?url=http://proquest.safaribooksonline.com/?uiCode=ohlink&xmlId=9780763761417
=910  \\$asafari-2018-01

