=LDR  01984cam  2200493Ii 4500
=001  on1019708038
=003  OCoLC
=005  20180305031521.0
=006  m\\\\\o\\d\\\\\\\\
=007  cr\|n|||||||||
=007  cr\unu||||||||
=008  180116s2013\\\\maua\\\\o\\\\\001\0\eng\d
=040  \\$aUMI$beng$erda$epn$cUMI$dUMI$dSTF$dOCLCF$dOH1
=020  \\$a9781449686642
=020  \\$a1449686648
=020  \\$z9780763773878
=029  1\$aGBVCP$b1014934168
=035  \\$a(OCoLC)1019708038
=037  \\$aCL0500000929$bSafari Books Online
=050  \4$aTK5105.888
=049  \\$aOH1A
=100  1\$aScobey, Porter,$eauthor.
=245  10$aWeb programming and Internet technologies :$cPorter Scobey and Pawan Lingras.$h[electronic resource]
=264  \1$aBurlington, MA :$bJones & Bartlett Learning,$c[2013]
=264  \4$c©2013
=300  \\$a1 online resource (1 volume) :$billustrations
=336  \\$atext$btxt$2rdacontent
=337  \\$acomputer$bc$2rdamedia
=338  \\$aonline resource$bcr$2rdacarrier
=500  \\$aIncludes index.
=506  \\$aAvailable to OhioLINK libraries
=588  \\$aDescription based on online resource; title from title page (viewed January 15, 2018).
=650  \0$aWeb site development.
=650  \0$aBusiness enterprises$xData processing.
=650  \0$aElectronic commerce.
=650  \7$aBusiness enterprises$xData processing.$2fast$0(OCoLC)fst00842543
=650  \7$aElectronic commerce.$2fast$0(OCoLC)fst00906906
=650  \7$aWeb site development.$2fast$0(OCoLC)fst01173243
=655  \4$aElectronic books.
=700  1\$aLingras, Pawan,$eauthor.
=710  2\$aOhio Library and Information Network
=856  40$3Safari Books Online$zConnect to resource$uhttp://proquest.safaribooksonline.com/?uiCode=ohlink&xmlId=9780763773878
=856  40$3Safari Books Online$zConnect to resource (off-campus)$uhttp://proxy.ohiolink.edu:9099/login?url=http://proquest.safaribooksonline.com/?uiCode=ohlink&xmlId=9780763773878
=910  \\$asafari-2018-01

