=LDR  02843cam  2200637Ii 4500
=001  ocn990778292
=003  OCoLC
=005  20180305031521.0
=006  m\\\\\o\\d\\\\\\\\
=007  cr\|||||||||||
=008  170620s2017\\\\enk\\\\\o\\\\\000\0\eng\\
=010  \\$a  2017029762
=040  \\$aDLC$beng$erda$cDLC$dOCLCO$dOCLCF$dN$T$dYDX$dIDEBK$dOCLCQ$dMMI$dUMI$dTOH$dUAB$dSTF$dCOO$dK6U$dOH1
=019  \\$a1019128776
=020  \\$a9780857086709$q(electronic bk.)
=020  \\$a0857086707$q(electronic bk.)
=020  \\$a9780857086716$q(electronic bk.)
=020  \\$a0857086715$q(electronic bk.)
=020  \\$z9780857086693 (pbk.)
=029  1\$aGBVCP$b1014934265
=035  \\$a(OCoLC)990778292$z(OCoLC)1019128776
=037  \\$aCL0500000927$bSafari Books Online
=042  \\$apcc
=050  10$aBF698.35.R47
=072  \7$aFAM$x046000$2bisacsh
=072  \7$aPSY$x039000$2bisacsh
=072  \7$aPSY$x044000$2bisacsh
=072  \7$aPSY$x000000$2bisacsh
=082  00$a155.2/4$223
=049  \\$aOH1A
=245  00$aReal strength :$cPsychologies Magazine.$h[electronic resource]
=264  \1$aChichester, West Sussex, United Kingdom :$bWiley,$c2017.
=300  \\$a1 online resource.
=336  \\$atext$btxt$2rdacontent
=337  \\$acomputer$bn$2rdamedia
=338  \\$aonline resource$bnc$2rdacarrier
=490  0\$aBusiness professional collection
=506  \\$aAvailable to OhioLINK libraries
=588  \\$aDescription based on print version record and CIP data provided by publisher; resource not viewed.
=520  \\$a"-Miriam Akhtar, positive psychologist and author of What is Post-Traumatic Growth?"-Dr Tamara Russell, Director, Mindfulness Centre of Excellence
=504  \\$aIncludes bibliographical references.
=650  \0$aResilience (Personality trait)
=650  \0$aAdjustment (Psychology)
=650  \7$aAdjustment (Psychology)$2fast$0(OCoLC)fst00796680
=650  \7$aResilience (Personality trait)$2fast$0(OCoLC)fst01095573
=650  \7$aFAMILY & RELATIONSHIPS / Life Stages / General$2bisacsh
=650  \7$aPSYCHOLOGY / Developmental / General$2bisacsh
=650  \7$aPSYCHOLOGY / Developmental / Lifespan Development$2bisacsh
=650  \7$aPSYCHOLOGY / General$2bisacsh
=655  \4$aElectronic books.
=710  2\$aOhio Library and Information Network
=730  0\$aPsychologies magazine.
=776  08$iPrint version:$tReal strength$dChichester, West Sussex, United Kingdom : Wiley, 2017$z9780857086693$w(DLC)  2017020147
=856  40$3Safari Books Online$zConnect to resource$uhttp://proquest.safaribooksonline.com/?uiCode=ohlink&xmlId=9780857086693
=856  40$3Safari Books Online$zConnect to resource (off-campus)$uhttp://proxy.ohiolink.edu:9099/login?url=http://proquest.safaribooksonline.com/?uiCode=ohlink&xmlId=9780857086693
=910  \\$asafari-2018-01

