=LDR  07327cam  2200925Mi 4500
=001  ocn841481395
=003  OCoLC
=005  20180305031522.0
=006  m\\\\\o\\d\\\\\\\\
=007  cr\|||||||||||
=008  130502s2013\\\\inua\\\\ob\\\\001\0\eng\d
=010  \\$a  2012949513
=040  \\$aDKDLA$beng$epn$cDKDLA$dOCLCO$dLLB$dE7B$dIDEBK$dOCLCF$dN$T$dTEFOD$dYDXCP$dUKMGB$dUMI$dOCLCA$dOCLCO$dEBLCP$dSTF$dB24X7$dCOO$dDEBSZ$dRECBK$dOCLCO$dTEFOD$dOCLCO$dOCLCQ$dOCLCO$dOCL$dOCLCO$dNKT$dOCLCQ$dOCLCO$dAZK$dCNNLC$dOCLCO$dMOR$dCCO$dPIFAG$dLIV$dMERUC$dOCLCQ$dSAV$dOCLCQ$dZCU$dOCLCA$dU3W$dOCLCA$dCOCUF$dREB$dOH1
=016  7\$a016162686$2Uk
=019  \\$a823719322$a828678288$a844973133$a865012359$a879653122$a883144846$a961567586$a962678167$a988438818$a992016703$a1026439361
=020  \\$a9781118362181$q(pbk. ;$qalk. paper)
=020  \\$a1118362187$q(pbk. ;$qalk. paper)
=020  \\$a9781118568712$q(e-book)
=020  \\$a1118568710$q(e-book)
=020  \\$a9781118417058$q(electronic bk.)
=020  \\$a1118417054$q(electronic bk.)
=020  \\$a9781118568651$q(ebk)
=020  \\$a1118568656$q(ebk)
=028  01$aEB00066819$bRecorded Books
=029  1\$aAU@$b000052281586
=029  1\$aAU@$b000053029717
=029  1\$aCHNEW$b000600015
=029  1\$aDEBBG$bBV041430551
=029  1\$aDEBBG$bBV041913049
=029  1\$aDEBBG$bBV044049896
=029  1\$aDEBSZ$b397460872
=029  1\$aDEBSZ$b398263418
=029  1\$aDKDLA$b820120-katalog:000601071
=029  1\$aGBVCP$b785368531
=029  1\$aNZ1$b14977012
=029  1\$aGBVCP$b1014934486
=035  \\$a(OCoLC)841481395$z(OCoLC)823719322$z(OCoLC)828678288$z(OCoLC)844973133$z(OCoLC)865012359$z(OCoLC)879653122$z(OCoLC)883144846$z(OCoLC)961567586$z(OCoLC)962678167$z(OCoLC)988438818$z(OCoLC)992016703$z(OCoLC)1026439361
=037  \\$aCL0500000428$bSafari Books Online
=037  \\$a9599D8D7-C007-49BD-B64E-14CCD7232DB3$bOverDrive, Inc.$nhttp://www.overdrive.com
=050  \4$aQA76.9.A25$bB37 2013eb
=072  \7$aCOM$x060040$2bisacsh
=072  \7$aCOM$x043050$2bisacsh
=072  \7$aCOM$x053000$2bisacsh
=082  04$a005.8$223
=049  \\$aOH1A
=100  1\$aBarnett, Ryan C.
=245  10$aWeb Application Defender's Cookbook :$h[electronic resource]
=250  \\$a1. ed.
=260  \\$aIndianapolis, Ind. :$bWiley Pub., Inc.,$c2013.
=300  \\$a1 online resource (xxix, 522 pages) :$billustrations
=336  \\$atext$btxt$2rdacontent
=337  \\$acomputer$bc$2rdamedia
=338  \\$aonline resource$bcr$2rdacarrier
=347  \\$adata file$2rda
=504  \\$aIncludes bibliographical references and index.
=505  0\$aCover; Part I: Preparing the Battle Space; Chapter 1: Application Fortification; Recipe 1-1: Real-time Application Profiling; Recipe 1-2: Preventing Data Manipulation with Cryptographic Hash Tokens; Recipe 1-3: Installing the OWASP ModSecurity Core Rule Set (CRS); Recipe 1-4: Integrating Intrusion Detection System Signatures; Recipe 1-5: Using Bayesian Attack Payload Detection; HTTP Audit Logging; Recipe 1-6: Enable Full HTTP Audit Logging; Recipe 1-7: Logging Only Relevant Transactions; Recipe 1-9: Obscuring Sensitive Data in Logs.
=505  8\$aRecipe 1-10: Sending Alerts to a Central Log Host Using SyslogRecipe 1-11: Using the ModSecurity AuditConsole; Recipe 1-8: Ignoring Requests for Static Content; Chapter 2: Vulnerability Identification and Remediation; Internally Developed Applications; Externally Developed Applications; Virtual Patching; Recipe 2-1: Passive Vulnerability Identification; Active Vulnerability Identification; Recipe 2-2: Active Vulnerability Identification; Manual Vulnerability Remediation; Recipe 2-3: Manual Scan Result Conversion; Recipe 2-4: Automated Scan Result Conversion.
=505  8\$aRecipe 2-5: Real-time Resource Assessments and Virtual PatchingChapter 3: Poisoned Pawns (Hacker Traps); Honeytrap Concepts; Recipe 3-1: Adding Honeypot Ports; Recipe 3-2: Adding Fake robots.txt Disallow Entries; Recipe 3-3: Adding Fake HTML Comments; Recipe 3-4: Adding Fake Hidden Form Fields; Recipe 3-5: Adding Fake Cookies; Part II: Asymmetric Warfare; Chapter 4: Reputation and Third-Party Correlation; Suspicious Source Identification; Recipe 4-1: Analyzing the Client's Geographic Location Data; Recipe 4-2: Identifying Suspicious Open Proxy Usage.
=505  8\$aRecipe 4-3: Utilizing Real-time Blacklist Lookups (RBL)Recipe 4-4: Running Your Own RBL; Recipe 4-5: Detecting Malicious Links; Chapter 5: Request Data Analysis; Request Data Acquisition; Recipe 5-1: Request Body Access; Recipe 5-2: Identifying Malformed Request Bodies; Recipe 5-3: Normalizing Unicode; Recipe 5-4: Identifying Use of Multiple Encodings; Recipe 5-5: Identifying Encoding Anomalies; Input Validation Anomalies; Recipe 5-6: Detecting Request Method Anomalies; Recipe 5-7: Detecting Invalid URI Data; Recipe 5-8: Detecting Request Header Anomalies.
=505  8\$aRecipe 5-9: Detecting Additional ParametersRecipe 5-10: Detecting Missing Parameters; Recipe 5-11: Detecting Duplicate Parameter Names; Recipe 5-12: Detecting Parameter Payload Size Anomalies; Recipe 5-13: Detecting Parameter Character Class Anomalies; Chapter 6: Response Data Analysis; Recipe 6-1: Detecting Response Header Anomalies; Recipe 6-2: Detecting Response Header Information Leakages; Recipe 6-3: Response Body Access; Recipe 6-7: Detecting Source Code Leakages; Recipe 6-8: Detecting Technical Data Leakages; Recipe 6-9: Detecting Abnormal Response Time Intervals.
=506  \\$aAvailable to OhioLINK libraries
=520  \\$aDefending your web applications against hackers and attackers The top-selling book Web Application Hacker's Handbook showed how attackers and hackers identify and attack vulnerable live web applications. This new Web Application Defender's Cookbook is the perfect counterpoint to that book: it shows you how to defend. Authored by a highly credentialed defensive security expert, this new book details defensive security methods and can be used as courseware for training network security personnel, web server administrators, and security consultants. Each.
=650  \0$aComputer security.
=650  \0$aComputer crimes$xPrevention.
=650  \0$aComputer networks$xSecurity measures.
=650  \0$aHackers.
=650  \7$aCOMPUTERS$xInternet$xSecurity.$2bisacsh
=650  \7$aCOMPUTERS$xNetworking$xSecurity.$2bisacsh
=650  \7$aCOMPUTERS$xSecurity$xGeneral.$2bisacsh
=650  \7$aComputer crimes$xPrevention.$2fast$0(OCoLC)fst00872068
=650  \7$aHackers.$2fast$0(OCoLC)fst00872150
=650  \7$aComputer networks$xSecurity measures.$2fast$0(OCoLC)fst00872341
=650  \7$aComputer security.$2fast$0(OCoLC)fst00872484
=655  \4$aElectronic books.
=655  \0$aElectronic books.
=710  2\$aOhio Library and Information Network
=776  08$iPrint version:$aBarnett, Ryan C.$tWeb application defender's cookbook.$dIndianapolis, Ind. : Wiley, ©2013$z9781118362181$w(OCoLC)795173848
=856  40$3Safari Books Online$zConnect to resource$uhttp://proquest.safaribooksonline.com/?uiCode=ohlink&xmlId=9781118417058
=856  40$3Safari Books Online$zConnect to resource (off-campus)$uhttp://proxy.ohiolink.edu:9099/login?url=http://proquest.safaribooksonline.com/?uiCode=ohlink&xmlId=9781118417058
=910  \\$asafari-2018-01

