=LDR  01731cam  2200445Ii 4500
=001  on1019708026
=003  OCoLC
=005  20180305031522.0
=006  m\\\\\o\\d\\\\\\\\
=007  cr\unu||||||||
=008  180116s2016\\\\maua\\\\ob\\\\001\0\eng\d
=040  \\$aUMI$beng$erda$epn$cUMI$dUMI$dSTF$dOCLCF$dOH1
=020  \\$a9781284055924
=020  \\$a1284055922
=020  \\$z9781284055917
=029  1\$aGBVCP$b1014934710
=035  \\$a(OCoLC)1019708026
=037  \\$aCL0500000929$bSafari Books Online
=050  \4$aQA76
=049  \\$aOH1A
=100  1\$aDale, Nell$q(Nell B.),$eauthor.
=245  10$aComputer science illuminated /$h[electronic resource]
=250  \\$aSixth edition.
=264  \1$aBurlington, MA :$bJones & Bartlett Learning,$c[2016]
=264  \4$c©2016
=300  \\$a1 online resource (1 volume) :$billustrations
=336  \\$atext$btxt$2rdacontent
=337  \\$acomputer$bc$2rdamedia
=338  \\$aonline resource$bcr$2rdacarrier
=506  \\$aAvailable to OhioLINK libraries
=588  \\$aDescription based on online resource; title from title page (viewed January 15, 2018).
=504  \\$aIncludes bibliographical references and index.
=650  \0$aComputer science.
=650  \7$aComputer science.$2fast$0(OCoLC)fst00872451
=655  \4$aElectronic books.
=700  1\$aLewis, John,$d1963-$eauthor.
=710  2\$aOhio Library and Information Network
=856  40$3Safari Books Online$zConnect to resource$uhttp://proquest.safaribooksonline.com/?uiCode=ohlink&xmlId=9781284055917
=856  40$3Safari Books Online$zConnect to resource (off-campus)$uhttp://proxy.ohiolink.edu:9099/login?url=http://proquest.safaribooksonline.com/?uiCode=ohlink&xmlId=9781284055917
=910  \\$asafari-2018-01

