=LDR  01998cam  2200493Ii 4500
=001  on1019708004
=003  OCoLC
=005  20180305031522.0
=006  m\\\\\o\\d\\\\\\\\
=007  cr\unu||||||||
=008  180116s2019\\\\maua\\\\o\\\\\001\0\eng\d
=040  \\$aUMI$beng$erda$epn$cUMI$dSTF$dOCLCF$dOH1
=020  \\$a9781284091809
=020  \\$a1284091805
=020  \\$z9781284091793
=029  1\$aGBVCP$b1014934737
=035  \\$a(OCoLC)1019708004
=037  \\$aCL0500000929$bSafari Books Online
=050  \4$aQA76.625
=049  \\$aOH1A
=100  1\$aDean, John,$d1962-$eauthor.
=245  10$aWeb programming with HTML5, CSS, and JavaScript /$h[electronic resource]
=264  \1$aBurlington, MA :$bJones & Bartlett Learning,$c[2019]
=264  \4$c©2019
=300  \\$a1 online resource (1 volume) :$billustrations
=336  \\$atext$btxt$2rdacontent
=337  \\$acomputer$bc$2rdamedia
=338  \\$aonline resource$bcr$2rdacarrier
=506  \\$aAvailable to OhioLINK libraries
=588  \\$aDescription based on online resource; title from title page (viewed January 11, 2018).
=500  \\$aIncludes index.
=650  \0$aInternet programming.
=650  \0$aHTML (Document markup language)
=650  \0$aCascading style sheets.
=650  \0$aJavaScript (Computer program language)
=650  \7$aCascading style sheets.$2fast$0(OCoLC)fst00848144
=650  \7$aHTML (Document markup language)$2fast$0(OCoLC)fst00949997
=650  \7$aInternet programming.$2fast$0(OCoLC)fst00977281
=650  \7$aJavaScript (Computer program language)$2fast$0(OCoLC)fst00982071
=655  \4$aElectronic books.
=710  2\$aOhio Library and Information Network
=856  40$3Safari Books Online$zConnect to resource$uhttp://proquest.safaribooksonline.com/?uiCode=ohlink&xmlId=9781284091809
=856  40$3Safari Books Online$zConnect to resource (off-campus)$uhttp://proxy.ohiolink.edu:9099/login?url=http://proquest.safaribooksonline.com/?uiCode=ohlink&xmlId=9781284091809
=910  \\$asafari-2018-01

