=LDR  02084cam  2200517Ii 4500
=001  on1019901904
=003  OCoLC
=005  20180305031522.0
=006  m\\\\\o\\d\\\\\\\\
=007  cr\unu||||||||
=008  180119s2018\\\\enka\\\\ob\\\\001\0\eng\d
=040  \\$aUMI$beng$erda$epn$cUMI$dUMI$dSTF$dOCLCF$dOH1
=020  \\$a9781292186924
=020  \\$a1292186925
=020  \\$z9781292186405
=029  1\$aGBVCP$b1014934826
=035  \\$a(OCoLC)1019901904
=037  \\$aCL0500000931$bSafari Books Online
=050  \4$aBF151
=049  \\$aOH1A
=100  1\$aSinclair, Michael$q(Michael I.),$eauthor.
=245  10$aMindfulness for busy people :$cMichael Sinclair, Josie Seydel, and Emily Shaw.$h[electronic resource]
=250  \\$aSecond edition.
=264  \1$aHarlow, United Kingdom :$bPearson Education,$c2018.
=300  \\$a1 online resource (1 volume) :$billustrations
=336  \\$atext$btxt$2rdacontent
=337  \\$acomputer$bc$2rdamedia
=338  \\$aonline resource$bcr$2rdacarrier
=506  \\$aAvailable to OhioLINK libraries
=588  \\$aDescription based on online resource; title from title page (viewed January 16, 2018).
=504  \\$aIncludes bibliographical references and index.
=650  \0$aMind and body.
=650  \0$aStress management.
=650  \0$aAwareness.
=650  \0$aRelaxation.
=650  \7$aAwareness.$2fast$0(OCoLC)fst00824449
=650  \7$aMind and body.$2fast$0(OCoLC)fst01021997
=650  \7$aRelaxation.$2fast$0(OCoLC)fst01093613
=650  \7$aStress management.$2fast$0(OCoLC)fst01134967
=655  \4$aElectronic books.
=700  1\$aSeydel, Josie,$eauthor.
=700  1\$aShaw, Emily,$eauthor.
=710  2\$aOhio Library and Information Network
=856  40$3Safari Books Online$zConnect to resource$uhttp://proquest.safaribooksonline.com/?uiCode=ohlink&xmlId=9781292186924
=856  40$3Safari Books Online$zConnect to resource (off-campus)$uhttp://proxy.ohiolink.edu:9099/login?url=http://proquest.safaribooksonline.com/?uiCode=ohlink&xmlId=9781292186924
=910  \\$asafari-2018-01

