=LDR  03866cam  2200673 i 4500
=001  on1015674857
=003  OCoLC
=005  20180305031522.0
=006  m\\\\\o\\d\\\\\\\\
=007  cr\|||||||||||
=008  171218s2018\\\\nyu\\\\\o\\\\\001\0\eng\\
=010  \\$a  2017060093
=040  \\$aDLC$beng$erda$cDLC$dN$T$dYDX$dUAB$dOCLCO$dUMI$dIDEBK$dOCLCF$dOH1
=019  \\$a1016035876$a1019708030
=020  \\$a9781315280417$q(E-book)
=020  \\$a1315280418
=020  \\$z9781138233959 (hardback)
=020  \\$a9781315280400
=020  \\$a131528040X
=020  \\$z9781138233966
=020  \\$z1138233951
=020  \\$z113823396X
=020  \\$a9781315280394
=020  \\$a1315280396
=029  1\$aGBVCP$b1014934850
=035  \\$a(OCoLC)1015674857$z(OCoLC)1016035876$z(OCoLC)1019708030
=037  \\$aCL0500000929$bSafari Books Online
=042  \\$apcc
=050  10$aPN1995.9.V57
=072  \7$aPER$x009000$2bisacsh
=082  00$a791.4502/32$223
=049  \\$aOH1A
=100  1\$aTricart, Celine,$eauthor.
=245  10$aVirtual reality filmmaking :$cCeline Tricart.$h[electronic resource]
=264  \1$aNew York :$bRoutledge, Taylor & Francis Group,$c2018.
=300  \\$a1 online resource.
=336  \\$atext$2rdacontent
=337  \\$acomputer$2rdamedia
=338  \\$aonline resource$2rdacarrier
=506  \\$aAvailable to OhioLINK libraries
=520  \\$a"Virtual Reality Filmmaking presents a comprehensive guide to the use of virtual reality in filmmaking, including narrative, documentary, live event production, and more. Written by a filmmaker and an expert in new technologies, the book provides a hands-on guide to creative filmmaking in this exciting new medium, and includes coverage on how to make a film in VR from start to finish. Topics covered include: - The history of VR; - VR cameras; - Game engines and interactive VR; - The foundations of VR storytelling; - Techniques for shooting in live action VR; - VR postproduction and visual effects; - VR distribution; - Interviews with experts in the field including the Emmy-winning studios Felix&Paul and Oculus Story Studio, WeVR, Viacom, Fox Sports, Sundance's New Frontier and more"--Provided by publisher.
=500  \\$aIncludes index.
=505  0\$aPart I:Theoretical and technical foundations. History of VR by Eric Kurland -- Live action VR capture & post-production -- Game engines & interactive VR -- VR headsets and other human-VR interfaces -- Part II:Virtual reality storytelling. VR: a new art? -- VR as a storytelling tool -- Make a film in VR from start to finish -- The future of VR.
=588  \\$aDescription based on print version record and CIP data provided by publisher; resource not viewed.
=650  \0$aMotion pictures$xTechnological innovations.
=650  \0$aMotion pictures$xProduction and direction.
=650  \0$aVirtual reality.
=650  \0$aDigital cinematography.
=650  \7$aPERFORMING ARTS / Reference.$2bisacsh
=650  \7$aDigital cinematography.$2fast$0(OCoLC)fst00893633
=650  \7$aMotion pictures$xProduction and direction.$2fast$0(OCoLC)fst01027357
=650  \7$aMotion pictures$xTechnological innovations.$2fast$0(OCoLC)fst01027400
=650  \7$aVirtual reality.$2fast$0(OCoLC)fst01167688
=655  \4$aElectronic books.
=710  2\$aOhio Library and Information Network
=776  08$iPrint version:$aTricart, Celine, author.$tVirtual reality filmmaking$dNew York : Routledge, Taylor & Francis Group, 2018$z9781138233959$w(DLC) 2017029681
=856  40$3Safari Books Online$zConnect to resource$uhttp://proquest.safaribooksonline.com/?uiCode=ohlink&xmlId=9781315280394
=856  40$3Safari Books Online$zConnect to resource (off-campus)$uhttp://proxy.ohiolink.edu:9099/login?url=http://proquest.safaribooksonline.com/?uiCode=ohlink&xmlId=9781315280394
=910  \\$asafari-2018-01

