=LDR  03510cam  2200649Ii 4500
=001  on1013499253
=003  OCoLC
=005  20180305031522.0
=006  m\\\\\o\\d\\\\\\\\
=007  cr\|n|||||||||
=008  171129s2018\\\\nyu\\\\\o\\\\\001\0\eng\d
=040  \\$aYDX$beng$cYDX$dN$T$dCNCGM$dUMI$dTOH$dIDEBK$dZCU$dOH1
=019  \\$a1013585966$a1017738610
=020  \\$a9781315283920$q(electronic bk.)
=020  \\$a1315283921$q(electronic bk.)
=020  \\$a9781315283913$q(electronic bk.)
=020  \\$a1315283913$q(electronic bk.)
=020  \\$z1138240389
=020  \\$z9781138240384
=020  \\$z1138240397
=020  \\$z9781138240391
=020  \\$a9781315283937
=020  \\$a131528393X
=029  1\$aAU@$b000061498039
=029  1\$aGBVCP$b1014934869
=035  \\$a(OCoLC)1013499253$z(OCoLC)1013585966$z(OCoLC)1017738610
=037  \\$aCL0500000921$bSafari Books Online
=050  \4$aQA76.575
=072  \7$aCOM$x000000$2bisacsh
=072  \7$aCOM$x034000$2bisacsh
=082  04$a006.7$223
=049  \\$aOH1A
=100  1\$aRoberts-Breslin, Jan.
=245  10$aMaking media :$cJan Roberts-Breslin.$h[electronic resource]
=250  \\$aFourth edition.
=260  \\$aNew York, NY ;$aAbingdon, Oxon :$bRoutledge,$c2018.
=300  \\$a1 online resource.
=336  \\$atext$btxt$2rdacontent
=337  \\$acomputer$bc$2rdamedia
=338  \\$aonline resource$bcr$2rdacarrier
=500  \\$a"A Focal Press book."
=500  \\$aIncludes index.
=506  \\$aAvailable to OhioLINK libraries
=520  \\$aMaking media: foundations of sound and image production takes the media production process and deconstructs it into its most basic components. Students will learn the basic concepts of media production - frame, sound, light, time, motion, and sequencing - and be able to apply them to any medium they choose, from film and television to fine art and online applications. They will also become well-grounded in the digital work environment and the tools required to produce media in today's digital environment. This new fourth edition is completely updated and includes a new chapter on the production process and production safety; information on current trends in production, exhibition, and distribution; and much more. New topics include virtual and augmented reality, the use of drones and new practices interactive media. The text is also fully illustrated and includes sidebar discussions of pertinent issues throughout. The companion website has been completely revamped with interactive exercises for each chapter, allowing students to explore the process of media production.
=588  0\$aVendor-supplied metadata.
=650  \0$aMultimedia systems.
=650  \0$aSound$xRecording and reproducing.
=650  \0$aImage processing$xDigital techniques.
=650  \0$aDigital media$xProduction and direction.
=650  \7$aCOMPUTERS / General.$2bisacsh
=650  \7$aCOMPUTERS / Interactive & Multimedia.$2bisacsh
=655  \4$aElectronic books.
=710  2\$aOhio Library and Information Network
=776  08$iPrint version:$z1138240389$z9781138240384$z1138240397$z9781138240391$w(OCoLC)984300929
=856  40$3Safari Books Online$zConnect to resource$uhttp://proquest.safaribooksonline.com/?uiCode=ohlink&xmlId=9781315283913
=856  40$3Safari Books Online$zConnect to resource (off-campus)$uhttp://proxy.ohiolink.edu:9099/login?url=http://proquest.safaribooksonline.com/?uiCode=ohlink&xmlId=9781315283913
=910  \\$asafari-2018-01

