=LDR  03492cam  2200565Ii 4500
=001  on1010658398
=003  OCoLC
=005  20180305031522.0
=006  m\\\\\o\\d\\\\\\\\
=007  cr\|n|||||||||
=008  171101s2018\\\\nyu\\\\\o\\\\\001\0\eng\\
=010  \\$a  2017052581
=040  \\$aDLC$beng$erda$cDLC$dOCLCO$dOCLCF$dUMI$dSTF$dCDN$dOH1
=019  \\$a1019685169
=020  \\$a9781315297576$q(E-book)
=020  \\$a1315297574$q(E-book)
=020  \\$a9781315297552
=020  \\$a1315297558
=020  \\$z9781138233799$q(hardback)
=020  \\$z9781138233805$q(paperback)
=029  1\$aGBVCP$b1014934885
=035  \\$a(OCoLC)1010658398$z(OCoLC)1019685169
=037  \\$aCL0500000928$bSafari Books Online
=042  \\$apcc
=050  10$aTR899$b.R663 2018eb
=082  00$a777/.55$223
=049  \\$aOH1A
=100  1\$aRosenberg, John,$eauthor.
=245  14$aThe healthy edit :$cJohn Rosenberg.$h[electronic resource]
=250  \\$aSecond edition.
=264  \1$aNew York, NY :$bRoutledge,$c2018.
=300  \\$a1 online resource (xxiii, 334 pages)
=336  \\$atext$2rdacontent
=337  \\$acomputer$2rdamedia
=338  \\$aonline resource$2rdacarrier
=506  \\$aAvailable to OhioLINK libraries
=520  \\$a"This updated and revised new edition of The Healthy Edit provides aspiring and working editors with creative editing strategies they can employ to enhance a film, while also overcoming common production problems. With decades of experience editing and film doctoring Hollywood features, author John Rosenberg reveals both the aesthetic and technical aspects of the editor's art, demonstrating tricks and techniques for nursing an ailing project back to health. Whether it's a bad performance from an actor, a hole in the story or script, a continuity or pacing issue, or a poorly-composed shot, every film or show we watch encounters challenges during production and fixing these issues becomes the job of the editor"--$cProvided by publisher.
=500  \\$aIncludes index.
=505  0\$aPrescriptions for success -- Mastering the art of film editing -- The film doctor is in -- The instruments -- Internal medicine -- Alternative medicine -- A brief history of the practice -- Genre editing styles I -- Genre editing styles II -- Genre editing styles III -- Surgery -- Psychiatry of character disorders: Part I -- Psychiatry of character disorders: Part II -- Genetics -- Cardiac unit -- Rites of passage -- Imaging -- Audiology -- Bedside manner -- Triage -- Post-mortem.
=588  \\$aDescription based on print version record and CIP data provided by publisher; resource not viewed.
=650  \0$aMotion pictures$xEditing.
=650  \0$aMotion pictures$xProduction and direction.
=650  \7$aMotion pictures$xEditing.$2fast$0(OCoLC)fst01027319
=650  \7$aMotion pictures$xProduction and direction.$2fast$0(OCoLC)fst01027357
=655  \4$aElectronic books.
=710  2\$aOhio Library and Information Network
=776  08$iPrint version:$aRosenberg, John, author.$tHealthy edit$bSecond edition.$dNew York, NY : Routledge, 2018$z9781138233799$w(DLC) 2017025993
=856  40$3Safari Books Online$zConnect to resource$uhttp://proquest.safaribooksonline.com/?uiCode=ohlink&xmlId=9781315297552
=856  40$3Safari Books Online$zConnect to resource (off-campus)$uhttp://proxy.ohiolink.edu:9099/login?url=http://proquest.safaribooksonline.com/?uiCode=ohlink&xmlId=9781315297552
=910  \\$asafari-2018-01

