=LDR  02832cam  2200601Ii 4500
=001  ocn960716571
=003  OCoLC
=005  20180305031522.0
=006  m\\\\\o\\d\\\\\\\\
=007  cr\|n|||||||||
=008  160830s2017\\\\flu\\\\\ob\\\\001\0\eng\d
=040  \\$aCOO$beng$erda$epn$cCOO$dN$T$dIDEBK$dUIU$dN$T$dCUS$dSINTU$dN$T$dCRCPR$dYDX$dOCLCQ$dUMR$dPIFBY$dVGM$dOTZ$dOCLCQ$dUAB$dSTF$dUMI$dTOH$dOH1
=019  \\$a966610228$a970389771$a1017990342
=020  \\$a9781498765695$q(electronic bk.)
=020  \\$a1498765696$q(electronic bk.)
=020  \\$a9781315367408$q(e-book ;$qPDF)
=020  \\$a1315367408$q(e-book ;$qPDF)
=020  \\$z9781498765688
=020  \\$a9781315350363
=020  \\$a131535036X
=024  3\$a9781498765695
=029  1\$aAU@$b000059643989
=029  1\$aGBVCP$b1014934907
=035  \\$a(OCoLC)960716571$z(OCoLC)966610228$z(OCoLC)970389771$z(OCoLC)1017990342
=037  \\$aKE34892$b00089889
=050  \4$aTK7882.I6$bH35 2017
=072  \7$aTEC$x009070$2bisacsh
=082  04$a621.3815/422$223
=049  \\$aOH1A
=100  1\$aHainich, Rolf R.,$eauthor.
=245  10$aDisplays :$cRolf R. Hainich, Oliver Bimber ; foreword by Henry Fuchs.$h[electronic resource]
=250  \\$aSecond edition.
=264  \1$aBoca Raton :$bCRC Press,$c[2017]
=264  \4$c©2017
=300  \\$a1 online resource
=336  \\$atext$btxt$2rdacontent
=337  \\$acomputer$bc$2rdamedia
=338  \\$aonline resource$bcr$2rdacarrier
=506  \\$aAvailable to OhioLINK libraries
=588  0\$aOnline resource; title from PDF title page (EBSCO, viewed January 30, 2017).
=504  \\$aIncludes bibliographical references and index.
=505  0\$aChapter 1. Introduction -- Chapter 2. Fundamentals of light -- Chapter 3. Principles of optics -- Chapter 4. Basics of visual perception -- Chapter 5. Holographic principles -- Chapter 6. Disply basics -- Chapter 7. Spatial light modulation -- Chapter 8. Projector-camera systems -- Chapter 9. Three-dimensional displays -- Chapter 10. Near-eye displays (NED) -- Chapter 11. Discussion and outlook.
=650  \0$aInformation display systems.
=650  \7$aTECHNOLOGY & ENGINEERING$xMechanical.$2bisacsh
=650  \7$aInformation display systems.$2fast$0(OCoLC)fst00972541
=655  \4$aElectronic books.
=700  1\$aBimber, Oliver,$d1973-$eauthor.
=700  1\$aFuchs, Henry,$d1948-$eauthor of foreword.
=710  2\$aOhio Library and Information Network
=776  08$iPrint version:$z9781498765688
=856  40$3Safari Books Online$zConnect to resource$uhttp://proquest.safaribooksonline.com/?uiCode=ohlink&xmlId=9781315350363
=856  40$3Safari Books Online$zConnect to resource (off-campus)$uhttp://proxy.ohiolink.edu:9099/login?url=http://proquest.safaribooksonline.com/?uiCode=ohlink&xmlId=9781315350363
=910  \\$asafari-2018-01

