=LDR  02490cam  2200541Mi 4500
=001  ocn974635229
=003  OCoLC
=005  20180305031522.0
=006  m\\\\\o\\d\\\\\\\\
=007  cr\cnu||||||||
=008  161006t20122012flua\\\\ob\\\\001\0\eng\\
=040  \\$aAU@$beng$erda$cAU@$dOCLCO$dOCLCQ$dOCLCF$dYDX$dUMI$dTOH$dSTF$dOH1
=019  \\$a1017754270
=020  \\$a9781315388007$q(e-book)
=020  \\$a1315388006$q(e-book)
=020  \\$z9781420082791
=020  \\$z9781420082807
=029  0\$aAU@$b000059646497
=029  1\$aGBVCP$b1014934923
=035  \\$a(OCoLC)974635229$z(OCoLC)1017754270
=037  \\$aCL0500000922$bSafari Books Online
=050  \4$aQA76.9.M45$b.J664 2012
=082  04$a005.4/35$223
=049  \\$aOH1A
=100  1\$aJones, Richard,$eauthor.
=245  14$aThe garbage collection handbook :$cRichard Jones, Antony Hosking, Eliot Moss.$h[electronic resource]
=264  \1$aBoca Raton, Florida ;$aLondon [England]$aNew York :$bCRC Press,$c2012.
=264  \4$c2012
=300  \\$a1 online resource (599 pages) :$billustrations, tables.
=336  \\$atext$btxt$2rdacontent
=337  \\$acomputer$bc$2rdamedia
=338  \\$aonline resource$bcr$2rdacarrier
=490  1\$aChapman & Hall/CRC Applied Algorithms and Data Structures series
=500  \\$a"A Chapman & Hall Book."
=504  \\$aIncludes bibliographical references and index.
=506  \\$aAvailable to OhioLINK libraries
=588  0\$aPrint version record.
=650  \0$aMemory management (Computer science)
=650  \7$aMemory management (Computer science)$2fast$0(OCoLC)fst01015971
=655  \4$aElectronic books.
=700  1\$aHosking, Antony,$eauthor.
=700  1\$aMoss, Eliot,$eauthor.
=710  2\$aOhio Library and Information Network
=776  08$iPrint version:$aJones, Richard.$tGarbage collection handbook : the art of automatic memory management.$dBoca Raton, Florida ; London, [England] ; New York : CRC Press, ©2012$happroximately 599 pages$kChapman & Hall/CRC applied algorithms and data structures series.$z9781420082791
=830  \0$aChapman & Hall/CRC applied algorithms and data structures series.
=856  40$3Safari Books Online$zConnect to resource$uhttp://proquest.safaribooksonline.com/?uiCode=ohlink&xmlId=9781315388007
=856  40$3Safari Books Online$zConnect to resource (off-campus)$uhttp://proxy.ohiolink.edu:9099/login?url=http://proquest.safaribooksonline.com/?uiCode=ohlink&xmlId=9781315388007
=910  \\$asafari-2018-01

