=LDR  06664cam  2200613Ki 4500
=001  on1013592109
=003  OCoLC
=005  20180305031522.0
=006  m\\\\\o\\d\\\\\\\\
=007  cr\|n|||||||||
=008  171204s2018\\\\nyu\\\\\o\\\\\000\0\eng\d
=040  \\$aYDX$beng$erda$cYDX$dN$T$dOCLCF$dUAB$dUMI$dTOH$dSTF$dOH1
=019  \\$a1016043288$a1017990343
=020  \\$a9781315442709$q(electronic bk.)
=020  \\$a1315442701$q(electronic bk.)
=020  \\$z1138215139
=020  \\$z9781138215139
=020  \\$z1138216216
=020  \\$z9781138216211
=020  \\$a9781315442723
=020  \\$a1315442728
=029  1\$aGBVCP$b1014934931
=035  \\$a(OCoLC)1013592109$z(OCoLC)1016043288$z(OCoLC)1017990343
=037  \\$aCL0500000923$bSafari Books Online
=050  \4$aTR850
=072  \7$aART$x057000$2bisacsh
=072  \7$aPHO$x022000$2bisacsh
=082  04$a777$223
=049  \\$aOH1A
=100  1\$aGaddy, Davin E.
=245  10$aMedia design and technology for live entertainment :$cDavin E. Gaddy.$h[electronic resource]
=264  \1$aNew York :$bRoutledge, imprint of Taylor & Francis Group,$c[2018]
=300  \\$a1 online resource.
=336  \\$atext$btxt$2rdacontent
=337  \\$acomputer$bc$2rdamedia
=338  \\$aonline resource$bcr$2rdacarrier
=506  \\$aAvailable to OhioLINK libraries
=520  \\$aMedia Design and Technology for Live Entertainment is a guide to understanding the concepts and equipment used in projection and video design for live performances. After an introduction in the principles of design elements as well as information on content, this book focuses on how content is used and transmitted by describing the essential components of systems, providing definitions used in communicating video concepts, and including basic system troubleshooting tips and tricks. A brief history of projected imagery is included, as well as information on analog systems, as outdated technology continues to be used either by choice of the designer or by necessity due to budget. By providing the information to understand the tools and how to use them, the reader should be able to create their own systems to meet his or her design ideas.
=504  \\$aIncludes bibliographical references and index.
=505  0\$aPurpose -- A brief history -- Ancient technology -- Early devices -- Modern revolution -- Physiology and psychology -- Physics of light -- Perception of light -- Design elements -- Design team -- Design process -- Budget based -- Concept based -- Collaboration -- Functions of media design -- Informative -- Environmental -- Emotive -- Special effect -- Textural -- Live effects and interactivity -- Source material -- Stock content -- Copyright -- Royalty/royalty free -- Public domain -- Fair use -- File sharing websites -- Custom content -- Non linear editor -- Composition -- File size/compression -- Codecs -- Alpha channel/matte -- Storage and transport -- Streaming video -- Resolution -- Pixel density/raster -- Perceived resolution -- Aspect ratio -- Interlaced or progressive scan -- Frame rate -- Refresh rate -- Display surface -- Screen properties -- Gain -- Contrast ratio -- Viewing angle -- Texture -- Rear or front projection -- Non-traditional materials -- Video and LED walls -- Monitor -- Rear projection -- Rear projection cube -- Laser phosphor display -- Panel -- Transparent display -- Electro-wetting and electrophoretic technology -- Projectors -- Historical devices -- Cathode ray tube -- Projector anatomy -- DLP -- Single chip -- 3-chip -- LCOS -- Illumination technology -- Metal halide -- Xenon -- Solid state -- Lens -- Fixed -- Zoom -- Source -- Analog source -- Digital source -- Tape based and optical disk systems -- Hard disk and solid state systems -- Camera -- Streaming media -- Computer based systems -- Slide -- Cue -- Timeline -- VJ sampling -- Object oriented programing environment -- Media server -- Distribution -- Analog sunset -- Digital rights management -- Extended display information data -- Video signal interfaces -- Cable -- Copper -- Adaptive copper -- Fiber -- Passive / active adapters -- VOIP -- HDBASE-T/ Audio video bridging -- Passive splitter -- Distribution amplifier -- Wireless -- Scaling -- Scan converting -- Resolution multiplier -- Control -- Switchers -- Passive -- Glitch free -- Seamless -- Mixers -- Matrix routers -- Computers -- Control communication -- Timecode -- OSC -- Encoders -- Serial communication -- Virtual network computing -- Artnet/ethernet -- CITP protocol -- Media server extensions layer -- Syphon/spout -- Network -- Internet protocol -- Switches and routers -- Wireless bridging -- System management -- Data transfer and file sharing -- Information preservation -- Presentation -- Optical alignment -- Keystone correction -- Pixel adjustment -- Gamma -- Color correction -- Brightness -- Lumens and nits -- Stacking -- Contrast ratio -- Video black -- Ambient light -- Trouble shooting -- Grounding and shielding -- Skew -- Signal strength -- Sync -- Genlock -- Edid/handshake -- Digital artifacts -- Dropped frames -- Latency -- Content playback errors -- Display errors -- Control errors -- Network errors -- Preventive maintenance -- Advanced projection design -- Video mapping and masking -- Masking irregular shaped objects -- Mapping 3D objects -- Blending -- Moving fixtures -- 3D projection -- Passive optics -- Active shutters -- Interactive projection -- Image tracking -- Blob detection -- Sensors -- Encoders -- Particle generation and cellular automatons -- Holography -- Pepper's ghost -- Light field display -- Atmospheric projection -- Large scale imaging -- Augmented reality.
=650  \0$aVideo recording.
=650  \0$aVideo recordings$xProduction and direction.
=650  \0$aMultimedia systems.
=650  \7$aART / Film & Video.$2bisacsh
=650  \7$aPHOTOGRAPHY / Techniques / Cinematography & Videography.$2bisacsh
=650  \7$aMultimedia systems.$2fast$0(OCoLC)fst01028920
=650  \7$aVideo recording.$2fast$0(OCoLC)fst01166452
=650  \7$aVideo recordings$xProduction and direction.$2fast$0(OCoLC)fst01166496
=655  \4$aElectronic books.
=710  2\$aOhio Library and Information Network
=776  08$iPrint version:$z1138215139$z9781138215139$z1138216216$z9781138216211$w(OCoLC)1007755085
=856  40$3Safari Books Online$zConnect to resource$uhttp://proquest.safaribooksonline.com/?uiCode=ohlink&xmlId=9781315442709
=856  40$3Safari Books Online$zConnect to resource (off-campus)$uhttp://proxy.ohiolink.edu:9099/login?url=http://proquest.safaribooksonline.com/?uiCode=ohlink&xmlId=9781315442709
=910  \\$asafari-2018-01

