=LDR  01959cam  2200481Ii 4500
=001  on1019827289
=003  OCoLC
=005  20180305031522.0
=006  m\\\\\o\\d\\\\\\\\
=007  cr\unu||||||||
=008  180117s2018\\\\nyua\\\\ob\\\\001\0\eng\d
=040  \\$aUMI$beng$erda$epn$cUMI$dOCLCF$dOH1
=020  \\$z9781138675728
=020  \\$z9781138675735
=020  \\$a9781315560472
=020  \\$a131556047X
=020  \\$a9781317198369
=020  \\$a1317198360
=029  1\$aGBVCP$b1014935016
=035  \\$a(OCoLC)1019827289
=037  \\$aCL0500000930$bSafari Books Online
=050  \4$aTR899
=049  \\$aOH1A
=100  1\$aBricca, Jacob,$eauthor.
=245  10$aDocumentary editing :$cJacob Bricca.$h[electronic resource]
=264  \1$aNew York :$bRoutledge,$c2018.
=300  \\$a1 online resource (1 volume) :$billustrations
=336  \\$atext$btxt$2rdacontent
=337  \\$acomputer$bc$2rdamedia
=338  \\$aonline resource$bcr$2rdacarrier
=506  \\$aAvailable to OhioLINK libraries
=588  \\$aDescription based on print version record.
=504  \\$aIncludes bibliographical references and index.
=650  \0$aMotion pictures$xEditing.
=650  \0$aDocumentary films$xProduction and direction.
=650  \7$aDocumentary films$xProduction and direction.$2fast$0(OCoLC)fst00896089
=650  \7$aMotion pictures$xEditing.$2fast$0(OCoLC)fst01027319
=655  \4$aElectronic books.
=710  2\$aOhio Library and Information Network
=776  08$iPrint version:$aBricca, Jacob.$tDocumentary editing.$dNew York : Routledge, 2018$z9781138675728$w(DLC)  2017034743$w(OCoLC)1005057341
=856  40$3Safari Books Online$zConnect to resource$uhttp://proquest.safaribooksonline.com/?uiCode=ohlink&xmlId=9781317198369
=856  40$3Safari Books Online$zConnect to resource (off-campus)$uhttp://proxy.ohiolink.edu:9099/login?url=http://proquest.safaribooksonline.com/?uiCode=ohlink&xmlId=9781317198369
=910  \\$asafari-2018-01

