=LDR  02026cam  2200541Ii 4500
=001  on1014329153
=003  OCoLC
=005  20180305031522.0
=006  m\\\\\o\\d\\\\\\\\
=007  cr\cnu|||unuuu
=008  171208s2018\\\\nyua\\\\ob\\\\001\0\eng\d
=040  \\$aN$T$beng$erda$epn$cN$T$dN$T$dUMI$dSTF$dIDEBK$dOH1
=019  \\$a1019685170
=020  \\$a9781317503125$q(electronic bk.)
=020  \\$a1317503120$q(electronic bk.)
=020  \\$z9781138886001
=020  \\$z9781138885998
=020  \\$a9781317503118
=020  \\$a1317503112
=020  \\$a9781315715148
=020  \\$a1315715147
=029  1\$aGBVCP$b1014935121
=035  \\$a(OCoLC)1014329153$z(OCoLC)1019685170
=037  \\$aCL0500000928$bSafari Books Online
=050  \4$aRE79.I42
=072  \7$aMED$x085000$2bisacsh
=082  04$a617.7$223
=049  \\$aOH1A
=100  1\$aSisson, Christye P.,$eauthor.
=245  10$aOphthalmic imaging :$cChristye P. Sisson.$h[electronic resource]
=264  \1$aNew York, NY :$bRoutledge,$c2018.
=300  \\$a1 online resource.
=336  \\$atext$btxt$2rdacontent
=337  \\$acomputer$bc$2rdamedia
=338  \\$aonline resource$bcr$2rdacarrier
=490  1\$aApplications in scientific photography
=504  \\$aIncludes bibliographical references and index.
=506  \\$aAvailable to OhioLINK libraries
=588  0\$aVendor-supplied metadata.
=650  \0$aEye$xImaging.
=650  \0$aOphthalmology.
=650  \7$aMEDICAL / Surgery / General.$2bisacsh
=655  \4$aElectronic books.
=710  2\$aOhio Library and Information Network
=830  \0$aApplications in scientific photography.
=856  40$3Safari Books Online$zConnect to resource$uhttp://proquest.safaribooksonline.com/?uiCode=ohlink&xmlId=9781317503118
=856  40$3Safari Books Online$zConnect to resource (off-campus)$uhttp://proxy.ohiolink.edu:9099/login?url=http://proquest.safaribooksonline.com/?uiCode=ohlink&xmlId=9781317503118
=910  \\$asafari-2018-01

