=LDR  01778cam  2200457Ii 4500
=001  on1019708041
=003  OCoLC
=005  20180305031522.0
=006  m\\\\\o\\d\\\\\\\\
=007  cr\unu||||||||
=008  180116s2018\\\\nyua\\\\o\\\\\001\0\eng\d
=040  \\$aUMI$beng$erda$epn$cUMI$dSTF$dOCLCF$dOH1
=020  \\$z9781138850897
=020  \\$z9781138850903
=020  \\$a9781315724492
=020  \\$a1315724499
=029  1\$aGBVCP$b1014935148
=035  \\$a(OCoLC)1019708041
=037  \\$aCL0500000929$bSafari Books Online
=050  \4$aPN2091.E4
=049  \\$aOH1A
=100  1\$aCadena, Richard,$eauthor.
=245  10$aAutomated lighting :$cRichard Cadena.$h[electronic resource]
=250  \\$aThird edition.
=264  \1$aNew York, NY :$bRoutledge,$c2018.
=300  \\$a1 online resource (1 volume) :$billustrations
=336  \\$atext$btxt$2rdacontent
=337  \\$acomputer$bc$2rdamedia
=338  \\$aonline resource$bcr$2rdacarrier
=506  \\$aAvailable to OhioLINK libraries
=588  \\$aDescription based on online resource; title from title page (viewed January 15, 2018).
=500  \\$aIncludes index.
=650  \0$aStage lighting.
=650  \0$aTelevision$xLighting.
=650  \7$aStage lighting.$2fast$0(OCoLC)fst01131318
=650  \7$aTelevision$xLighting.$2fast$0(OCoLC)fst01146574
=655  \4$aElectronic books.
=710  2\$aOhio Library and Information Network
=856  40$3Safari Books Online$zConnect to resource$uhttp://proquest.safaribooksonline.com/?uiCode=ohlink&xmlId=9781317531111
=856  40$3Safari Books Online$zConnect to resource (off-campus)$uhttp://proxy.ohiolink.edu:9099/login?url=http://proquest.safaribooksonline.com/?uiCode=ohlink&xmlId=9781317531111
=910  \\$asafari-2018-01

