=LDR  01925cam  2200469Ii 4500
=001  on1019827277
=003  OCoLC
=005  20180305031522.0
=006  m\\\\\o\\d\\\\\\\\
=007  cr\unu||||||||
=008  180117s2018\\\\enk\\\\\o\\\\\001\0\eng\d
=040  \\$aUMI$beng$erda$epn$cUMI$dOCLCF$dOH1
=020  \\$z9781138553330
=020  \\$z9781138553408
=020  \\$a9781315148526
=020  \\$a1315148528
=020  \\$a9781351373234
=020  \\$a1351373234
=029  1\$aGBVCP$b1014935180
=035  \\$a(OCoLC)1019827277
=037  \\$aCL0500000930$bSafari Books Online
=050  \4$aPN1996
=049  \\$aOH1A
=100  1\$aPrice, Brian,$d1970-$eauthor.
=245  10$aClassical storytelling and contemporary screenwriting :$cBrian Price.$h[electronic resource]
=264  \1$aAbingdon, Oxon ;$aNew York, NY :$bRoutledge,$c2018.
=300  \\$a1 online resource (1 volume)
=336  \\$atext$btxt$2rdacontent
=337  \\$acomputer$bc$2rdamedia
=338  \\$aonline resource$bcr$2rdacarrier
=506  \\$aAvailable to OhioLINK libraries
=588  \\$aDescription based on print version record.
=500  \\$a"A Focal Press book"--Cover.
=500  \\$aIncludes index.
=650  \0$aMotion picture authorship.
=650  \7$aMotion picture authorship.$2fast$0(OCoLC)fst01027122
=655  \4$aElectronic books.
=710  2\$aOhio Library and Information Network
=776  08$iPrint version:$aPrice, Brian, 1970-$tClassical storytelling and contemporary screenwriting.$dNew York : Routledge, 2018$z9781138553330$w(DLC)  2017036300$w(OCoLC)1003489420
=856  40$3Safari Books Online$zConnect to resource$uhttp://proquest.safaribooksonline.com/?uiCode=ohlink&xmlId=9781351373234
=856  40$3Safari Books Online$zConnect to resource (off-campus)$uhttp://proxy.ohiolink.edu:9099/login?url=http://proquest.safaribooksonline.com/?uiCode=ohlink&xmlId=9781351373234
=910  \\$asafari-2018-01

