=LDR  02476cam  2200553Ii 4500
=001  on1014014458
=003  OCoLC
=005  20180305031522.0
=006  m\\\\\o\\d\\\\\\\\
=007  cr\cnu---unuuu
=008  171205s2018\\\\enk\\\\\ob\\\\001\0\eng\d
=040  \\$aTYFRS$beng$erda$cTYFRS$dN$T$dOCLCF$dUMI$dSTF$dIDEBK$dOH1
=019  \\$a1019685171
=020  \\$a9780203729397$q(electronic bk.)
=020  \\$a0203729390$q(electronic bk.)
=020  \\$z9781138641136
=020  \\$a9781351395489
=020  \\$a1351395483
=029  1\$aGBVCP$b1014935210
=035  \\$a(OCoLC)1014014458$z(OCoLC)1019685171
=037  \\$aCL0500000928$bSafari Books Online
=050  \4$aPN2091.E4$bH25 2018
=072  \7$aPER$x011000$2bisacsh
=082  04$a792.02/5$223
=049  \\$aOH1A
=100  1\$aHart, Eric,$eauthor.
=245  14$aThe prop effects guidebook :$cEric Hart.$h[electronic resource]
=264  \1$aNew York :$bRoutledge,$c2018.
=300  \\$a1 online resource :$btext file, PDF.
=336  \\$atext$2rdacontent
=337  \\$acomputer$2rdamedia
=338  \\$aonline resource$2rdacarrier
=506  \\$aAvailable to OhioLINK libraries
=588  0\$aPrint version record.
=504  \\$aIncludes bibliographical references and index.
=505  0\$aDesigning, prototyping, testing -- Electricity, wiring, soldering -- Lights -- Motion -- Trich mechanisms -- Pneumatics -- Liquid delivery -- Breakaways -- Smoke and fire -- Sound -- control (remote, micro, practical).
=650  \0$aStage lighting.
=650  \0$aStage props$xDesign and construction.
=650  \0$aTheaters$xStage-setting and scenery.
=650  \7$aPERFORMING ARTS / Theater / General.$2bisacsh
=650  \7$aStage lighting.$2fast$0(OCoLC)fst01131318
=650  \7$aStage props$xDesign and construction.$2fast$0(OCoLC)fst01131333
=650  \7$aTheaters$xStage-setting and scenery.$2fast$0(OCoLC)fst01149404
=655  \4$aElectronic books.
=710  2\$aOhio Library and Information Network
=776  08$iPrint version:$aHart, Eric.$tProp effects guidebook.$dNew York : Routledge, 2018$z9781138641136$w(DLC)  2017024780$w(OCoLC)1002302484
=856  40$3Safari Books Online$zConnect to resource$uhttp://proquest.safaribooksonline.com/?uiCode=ohlink&xmlId=9781351395489
=856  40$3Safari Books Online$zConnect to resource (off-campus)$uhttp://proxy.ohiolink.edu:9099/login?url=http://proquest.safaribooksonline.com/?uiCode=ohlink&xmlId=9781351395489
=910  \\$asafari-2018-01

