=LDR  02131cam  2200517Ii 4500
=001  on1019707837
=003  OCoLC
=005  20180305031522.0
=006  m\\\\\o\\d\\\\\\\\
=007  cr\unu||||||||
=008  180116s2018\\\\nyua\\\\ob\\\\001\0\eng\d
=040  \\$aUMI$beng$erda$epn$cUMI$dOCLCF$dOH1
=020  \\$a9781351585965
=020  \\$a1351585967
=020  \\$z9781138041141
=020  \\$z9781138041158
=020  \\$z9781315100395
=029  1\$aGBVCP$b1014935229
=035  \\$a(OCoLC)1019707837
=037  \\$aCL0500000929$bSafari Books Online
=041  1\$aeng$hger
=050  \4$aRC1220.D35
=049  \\$aOH1A
=100  1\$aSimmel, Liane,$eauthor.
=240  10$aErnährung für Tänzer.$lEnglish
=245  10$aNutrition for dancers :$cLiane Simmel and Eva-Maria Kraft ; translated by Richard Gilmore and Liane Simmel ; with illustrations by Anna Holter.$h[electronic resource]
=264  \1$aNew York, NY :$bRoutledge,$c2018.
=300  \\$a1 online resource (1 volume) :$billustrations
=336  \\$atext$btxt$2rdacontent
=337  \\$acomputer$bc$2rdamedia
=338  \\$aonline resource$bcr$2rdacarrier
=506  \\$aAvailable to OhioLINK libraries
=588  \\$aDescription based on online resource; title from title page (viewed January 15, 2018).
=504  \\$aIncludes bibliographical references and index.
=650  \0$aDancers$xNutrition.
=650  \0$aDancers$xHealth and hygiene.
=650  \7$aDancers$xHealth and hygiene.$2fast$0(OCoLC)fst00887588
=650  \7$aDancers$xNutrition.$2fast$0(OCoLC)fst00887590
=655  \4$aElectronic books.
=700  1\$aKraft, Eva-Maria,$eauthor.
=700  1\$aGilmore, Richard,$etranslator.
=700  1\$aHolter, Anna,$eillustrator.
=710  2\$aOhio Library and Information Network
=856  40$3Safari Books Online$zConnect to resource$uhttp://proquest.safaribooksonline.com/?uiCode=ohlink&xmlId=9781351585965
=856  40$3Safari Books Online$zConnect to resource (off-campus)$uhttp://proxy.ohiolink.edu:9099/login?url=http://proquest.safaribooksonline.com/?uiCode=ohlink&xmlId=9781351585965
=910  \\$asafari-2018-01

