=LDR  01872cam  2200469Ii 4500
=001  on1018473631
=003  OCoLC
=005  20180305031522.0
=006  m\\\\\o\\d\\\\\\\\
=007  cr\unu||||||||
=008  180110s2017\\\\nyua\\\\ob\\\\001\0\eng\d
=040  \\$aUMI$beng$erda$epn$cUMI$dTOH$dSTF$dOCLCF$dOH1
=020  \\$a9781351658928
=020  \\$a1351658921
=020  \\$z9781138066359
=020  \\$z9781138055360
=020  \\$a9781315159225
=020  \\$a1315159228
=029  1\$aGBVCP$b1014935288
=035  \\$a(OCoLC)1018473631
=037  \\$aCL0500000926$bSafari Books Online
=050  \4$aQB121
=049  \\$aOH1A
=100  1\$aWoodhouse, Chris,$eauthor.
=245  14$aThe astrophotography manual :$cChris Woodhouse.$h[electronic resource]
=246  30$aPractical and scientific approach to deep sky imaging
=250  \\$a2nd edition.
=264  \1$aNew York, NY :$bRoutledge,$c2017.
=300  \\$a1 online resource (1 volume) :$billustrations
=336  \\$atext$btxt$2rdacontent
=337  \\$acomputer$bc$2rdamedia
=338  \\$aonline resource$bcr$2rdacarrier
=506  \\$aAvailable to OhioLINK libraries
=588  \\$aDescription based on online resource; title from title page (Safari, viewed January 10, 2018).
=504  \\$aIncludes bibliographical references and index.
=650  \0$aAstronomical photography.
=650  \7$aAstronomical photography.$2fast$0(OCoLC)fst00819656
=655  \4$aElectronic books.
=710  2\$aOhio Library and Information Network
=856  40$3Safari Books Online$zConnect to resource$uhttp://proquest.safaribooksonline.com/?uiCode=ohlink&xmlId=9781351658928
=856  40$3Safari Books Online$zConnect to resource (off-campus)$uhttp://proxy.ohiolink.edu:9099/login?url=http://proquest.safaribooksonline.com/?uiCode=ohlink&xmlId=9781351658928
=910  \\$asafari-2018-01

