=LDR  02682cam  2200625Ii 4500
=001  ocn974711765
=003  OCoLC
=005  20180305031522.0
=006  m\\\\\o\\d\\\\\\\\
=007  cr\cnu|||unuuu
=008  170307s2017\\\\enk\\\\\ob\\\\001\0\eng\d
=040  \\$aN$T$beng$erda$epn$cN$T$dN$T$dEBLCP$dIDEBK$dOCLCF$dOCLCQ$dYDX$dUMI$dTOH$dSTF$dOH1
=019  \\$a975223131$a1017990344
=020  \\$a9781498772426$q(electronic bk.)
=020  \\$a1498772420$q(electronic bk.)
=020  \\$z9781498772419
=020  \\$a9781315160917
=020  \\$a1315160919
=020  \\$a9781351663830
=020  \\$a1351663836
=029  1\$aGBVCP$b1014935296
=035  \\$a(OCoLC)974711765$z(OCoLC)975223131$z(OCoLC)1017990344
=037  \\$aCL0500000923$bSafari Books Online
=050  \4$aR858$b.H55 2017
=072  \7$aMED$x081000$2bisacsh
=082  04$a610.3$223
=049  \\$aOH1A
=245  00$aHIMSS dictionary of health information technology terms, acronyms, and organizations.$h[electronic resource]
=246  3\$aHealthcare Information and Management Systems Society dictionary of healthcare information technology terms, acronyms, and organizations
=250  \\$aFourth Edition.
=264  \1$aBoca Raton :$bCRC Press,$c[2017]
=264  \4$c©2017
=300  \\$a1 online resource
=336  \\$atext$btxt$2rdacontent
=337  \\$acomputer$bc$2rdamedia
=338  \\$aonline resource$bcr$2rdacarrier
=490  1\$aHIMSS Book Series
=504  \\$aIncludes bibliographical references and index.
=506  \\$aAvailable to OhioLINK libraries
=588  0\$aOnline resource, title from PDF title page (EBSCO, viewed March 8, 2017).
=650  \0$aMedical informatics$vDictionaries.
=650  \0$aMedical informatics$vTerminology.
=650  \7$aMEDICAL / Reference$2bisacsh
=650  \7$aMedical informatics.$2fast$0(OCoLC)fst01014175
=655  \4$aElectronic books.
=655  \0$aElectronic books.
=655  \7$aDictionaries.$2fast$0(OCoLC)fst01423826
=655  \7$aTerminology.$2fast$0(OCoLC)fst01423880
=710  2\$aOhio Library and Information Network
=710  2\$aHealthcare Information and Management Systems Society.
=776  08$iPrint version:$aHimss,$tHIMSS Dictionary of Health Information Technology Terms, Acronyms, and Organizations, Fourth Edition$dBoca Raton : CRC Press,c2017$z9781498772419
=830  \0$aHIMSS Book Series.
=856  40$3Safari Books Online$zConnect to resource$uhttp://proquest.safaribooksonline.com/?uiCode=ohlink&xmlId=9781351663830
=856  40$3Safari Books Online$zConnect to resource (off-campus)$uhttp://proxy.ohiolink.edu:9099/login?url=http://proquest.safaribooksonline.com/?uiCode=ohlink&xmlId=9781351663830
=910  \\$asafari-2018-01

