=LDR  03653cam  2200625 i 4500
=001  on1011557482
=003  OCoLC
=005  20180305031522.0
=006  m\\\\\o\\d\\\\\\\\
=007  cr\|||||||||||
=008  171108t20182018mdu\\\\\o\\\\\001\0\eng\\
=010  \\$a  2017053939
=040  \\$aDLC$beng$erda$cDLC$dN$T$dOCLCF$dUMI$dYDX$dOCLCO$dTOH$dSTF$dOH1
=019  \\$a1015687255
=020  \\$a9781315202143$qelectronic book
=020  \\$a131520214X$qelectronic book
=020  \\$z9781138705746$qhardcover
=020  \\$z9781138705753
=020  \\$a9781351784184$qelectronic book
=020  \\$a1351784188$qelectronic book
=020  \\$a9781351784177
=020  \\$a135178417X
=029  1\$aAU@$b000061169312
=029  1\$aGBVCP$b1014935377
=035  \\$a(OCoLC)1011557482$z(OCoLC)1015687255
=037  \\$aCL0500000920$bSafari Books Online
=042  \\$apcc
=050  14$aPN1992.94$b.C65 2018
=082  00$a384.55/8$223
=049  \\$aOH1A
=100  1\$aCompesi, Ronald J.,$d1949-$eauthor.
=245  10$aIntroduction to video production :$cRonald J. Compesi and Jaime S. Gomez.$h[electronic resource]
=250  \\$aSecond edition.
=264  \1$aNew York :$bRoutledge,$c2018.
=264  \4$c©2018
=300  \\$a1 online resource.
=336  \\$atext$2rdacontent
=337  \\$acomputer$2rdamedia
=338  \\$aonline resource$2rdacarrier
=500  \\$aIncludes index.
=506  \\$aAvailable to OhioLINK libraries
=520  \\$a"Written in a clear, non-technical manner, Introduction to Video Production focuses on the fundamental principles and aesthetics of video production and the technologies used, in both studio and field environments. Ron Compesi and Jaime Gomez cover each aspect of the process step by step, from preproduction to lighting, sound, directing, editing, graphics and distribution. Taking into account the changes in workflow and production planning and distribution brought on by the advent of digital media, this second edition has been updated throughout to account for the increasing popularity of DSLR, online distribution, the rise of portable cameras and mobile video, and much more"--$cProvided by publisher.
=505  0\$aIntroduction -- Video Production Environments: Studio, Field and Postproduction -- Lighting -- The Video Camera -- Audio and Sound Control -- The Video Switcher -- Producing: the Role of the Producer -- Directing Part 1 -- Directing Part 2: The Director's Role During Production -- Video Recording and Editing -- Video Editing Techniques -- Graphis and Set Design -- Video on the Web.
=588  \\$aDescription based on online resource; title from digital title page (viewed on January 23, 2018).
=650  \0$aVideo recordings$xProduction and direction.
=650  \7$aBUSINESS & ECONOMICS / Industries / Media & Communications.$2bisacsh
=650  \7$aTECHNOLOGY & ENGINEERING / Telecommunications.$2bisacsh
=650  \7$aVideo recordings$xProduction and direction.$2fast$0(OCoLC)fst01166496
=655  \4$aElectronic books.
=700  1\$aGomez, Jaime S.,$eauthor.
=710  2\$aOhio Library and Information Network
=776  08$iPrint version:$aCompesi, Ronald J., 1949- author.$tIntroduction to video production$bSecond edition.$dNew York : Routledge, Taylor & Francis Group, 2018$z9781138705746$w(DLC) 2017026474
=856  40$3Safari Books Online$zConnect to resource$uhttp://proquest.safaribooksonline.com/?uiCode=ohlink&xmlId=9781351784177
=856  40$3Safari Books Online$zConnect to resource (off-campus)$uhttp://proxy.ohiolink.edu:9099/login?url=http://proquest.safaribooksonline.com/?uiCode=ohlink&xmlId=9781351784177
=910  \\$asafari-2018-01

