=LDR  01985cam  2200481Ii 4500
=001  on1018473669
=003  OCoLC
=005  20180305031522.0
=006  m\\\\\o\\d\\\\\\\\
=007  cr\unu||||||||
=008  180110s2018\\\\nyua\\\\ob\\\\001\0\eng\d
=040  \\$aUMI$beng$erda$epn$cUMI$dTOH$dSTF$dOCLCF$dIDEBK$dOH1
=020  \\$a9781351984300
=020  \\$a1351984306
=020  \\$z9781138236271
=020  \\$a9781315271187
=020  \\$a1315271184
=020  \\$z9781138236288
=029  1\$aGBVCP$b1014935474
=035  \\$a(OCoLC)1018473669
=037  \\$aCL0500000926$bSafari Books Online
=050  \4$aTR817
=049  \\$aOH1A
=100  1\$aKenyon, William C.,$eauthor.
=245  10$aTheatre & stage photography :$cWilliam C. Kenyon.$h[electronic resource]
=246  30$aGuide to capturing images of theatre, dance, opera, and other performance events
=246  3\$aTheatre and stage photography
=246  3\$aTheater and stage photography
=264  \1$aNew York, NY :$bRoutledge,$c2018.
=300  \\$a1 online resource (1 volume) :$billustrations
=336  \\$atext$btxt$2rdacontent
=337  \\$acomputer$bc$2rdamedia
=338  \\$aonline resource$bcr$2rdacarrier
=506  \\$aAvailable to OhioLINK libraries
=588  \\$aDescription based on online resource; title from title page (Safari, viewed January 9, 2018).
=504  \\$aIncludes bibliographical references and index.
=650  \0$aStage photography.
=650  \7$aStage photography.$2fast$0(OCoLC)fst01131330
=655  \4$aElectronic books.
=710  2\$aOhio Library and Information Network
=856  40$3Safari Books Online$zConnect to resource$uhttp://proquest.safaribooksonline.com/?uiCode=ohlink&xmlId=9781351984300
=856  40$3Safari Books Online$zConnect to resource (off-campus)$uhttp://proxy.ohiolink.edu:9099/login?url=http://proquest.safaribooksonline.com/?uiCode=ohlink&xmlId=9781351984300
=910  \\$asafari-2018-01

