=LDR  02072cam  2200505Ii 4500
=001  on1019708042
=003  OCoLC
=005  20180305031522.0
=006  m\\\\\o\\d\\\\\\\\
=007  cr\unu||||||||
=008  180116s2012\\\\maua\\\\o\\\\\001\0\eng\d
=040  \\$aUMI$beng$erda$epn$cUMI$dSTF$dOCLCF$dOH1
=020  \\$a9781449613556
=020  \\$a1449613551
=020  \\$z9781449613549
=029  1\$aGBVCP$b1014935520
=035  \\$a(OCoLC)1019708042
=037  \\$aCL0500000929$bSafari Books Online
=050  \4$aQA76.64
=049  \\$aOH1A
=100  1\$aDale, Nell$q(Nell B.),$eauthor.
=245  10$aObject-oriented data structures using Java /$h[electronic resource]
=250  \\$aThird edition.
=264  \1$aSudbury, MA :$bJones & Bartlett Learning,$c[2012]
=264  \4$c©2012
=300  \\$a1 online resource (1 volume) :$billustrations
=336  \\$atext$btxt$2rdacontent
=337  \\$acomputer$bc$2rdamedia
=338  \\$aonline resource$bcr$2rdacarrier
=506  \\$aAvailable to OhioLINK libraries
=588  \\$aDescription based on online resource; title from title page (viewed January 15, 2018).
=500  \\$aIncludes index.
=650  \0$aObject-oriented programming (Computer science)
=650  \0$aData structures (Computer science)
=650  \0$aJava (Computer program language)
=650  \7$aData structures (Computer science)$2fast$0(OCoLC)fst00887978
=650  \7$aJava (Computer program language)$2fast$0(OCoLC)fst00982065
=650  \7$aObject-oriented programming (Computer science)$2fast$0(OCoLC)fst01042804
=655  \4$aElectronic books.
=700  1\$aJoyce, Daniel T.,$eauthor.
=700  1\$aWeems, Chip,$eauthor.
=710  2\$aOhio Library and Information Network
=856  40$3Safari Books Online$zConnect to resource$uhttp://proquest.safaribooksonline.com/?uiCode=ohlink&xmlId=9781449613549
=856  40$3Safari Books Online$zConnect to resource (off-campus)$uhttp://proxy.ohiolink.edu:9099/login?url=http://proquest.safaribooksonline.com/?uiCode=ohlink&xmlId=9781449613549
=910  \\$asafari-2018-01

