=LDR  02031cam  2200505Ii 4500
=001  on1019902047
=003  OCoLC
=005  20180305031522.0
=006  m\\\\\o\\d\\\\\\\\
=007  cr\unu||||||||
=008  180119s2015\\\\flua\\\\ob\\\\001\0\eng\d
=040  \\$aUMI$beng$erda$epn$cUMI$dOCLCF$dOH1
=020  \\$a9781351665605
=020  \\$a135166560X
=020  \\$z9781482239874
=020  \\$z9781482239867
=029  1\$aGBVCP$b101493558X
=035  \\$a(OCoLC)1019902047
=037  \\$aCL0500000931$bSafari Books Online
=050  \4$aQA275
=049  \\$aOH1A
=100  1\$aGustafson, John L.,$eauthor.
=245  14$aThe end of error :$cJohn L. Gustafson.$h[electronic resource]
=264  \1$aBoca Raton :$bCRC Press,$c[2015]
=264  \4$c©2015
=300  \\$a1 online resource (1 volume) :$billustrations.
=336  \\$atext$btxt$2rdacontent
=337  \\$acomputer$bc$2rdamedia
=338  \\$aonline resource$bcr$2rdacarrier
=490  1\$aChapman & Hall/CRC computational science series
=506  \\$aAvailable to OhioLINK libraries
=588  \\$aDescription based on online resource; title from title page (viewed January 18, 2018).
=504  \\$aIncludes bibliographical references and index.
=650  \0$aRoundoff errors.
=650  \0$aError analysis (Mathematics)
=650  \0$aNumerical analysis$xData processing.
=650  \7$aError analysis (Mathematics)$2fast$0(OCoLC)fst00915028
=650  \7$aNumerical analysis$xData processing.$2fast$0(OCoLC)fst01041279
=650  \7$aRoundoff errors.$2fast$0(OCoLC)fst01100730
=655  \4$aElectronic books.
=710  2\$aOhio Library and Information Network
=830  \0$aChapman & Hall/CRC computational science series.
=856  40$3Safari Books Online$zConnect to resource$uhttp://proquest.safaribooksonline.com/?uiCode=ohlink&xmlId=9781482239867
=856  40$3Safari Books Online$zConnect to resource (off-campus)$uhttp://proxy.ohiolink.edu:9099/login?url=http://proquest.safaribooksonline.com/?uiCode=ohlink&xmlId=9781482239867
=910  \\$asafari-2018-01

