=LDR  04772cam  2200613Ii 4500
=001  ocn927963470
=003  OCoLC
=005  20180305031522.0
=006  m\\\\\o\\d\\\\\\\\
=007  cr\un|||||||||
=008  151106t20162016flua\\\\ob\\\\001\0\eng\d
=040  \\$aIDEBK$beng$erda$epn$cIDEBK$dN$T$dUIU$dN$T$dWAU$dYDXCP$dOCLCF$dCRCPR$dCDX$dCOO$dOCLCQ$dVLB$dB24X7$dSTF$dEBLCP$dCAUOI$dD6H$dMERUC$dIDB$dPIFBY$dOTZ$dLIV$dOCLCQ$dUAB$dOCLCQ$dUMI$dTOH$dOH1
=019  \\$a936281971$a966385681$a1019128676
=020  \\$a1482257459$q(electronic bk.)
=020  \\$a9781482257458$q(electronic bk.)
=020  \\$z1482257432
=020  \\$z9781482257434
=020  \\$a9781138894501
=020  \\$a1138894508
=029  1\$aAU@$b000057003128
=029  1\$aCHBIS$b010877092
=029  1\$aCHVBK$b48037645X
=029  1\$aNZ1$b16308100
=029  1\$aGBVCP$b1014935628
=035  \\$a(OCoLC)927963470$z(OCoLC)936281971$z(OCoLC)966385681$z(OCoLC)1019128676
=037  \\$a848684$bMIL
=050  \4$aTF638$b.A39 2016eb
=072  \7$aTEC$x009000$2bisacsh
=082  04$a625.1$223
=082  04$a625.3$223
=049  \\$aOH1A
=245  00$aAdvances in communications-based train control systems /$h[electronic resource]
=264  \1$aBoca Raton :$bCRC Press,$c[2016]
=264  \4$c©20
=264  \4$c©2016
=300  \\$a1 online resource (xxi, 256 pages) :$billustrations
=336  \\$atext$btxt$2rdacontent
=337  \\$acomputer$bc$2rdamedia
=338  \\$aonline resource$bcr$2rdacarrier
=506  \\$aAvailable to OhioLINK libraries
=588  0\$aPrint version record.
=504  \\$aIncludes bibliographical references and index.
=505  0\$a1. Introduction to communications-based train control / Li Zhu, F. Richard Yu, and Fei Wang -- 2. Testing communications-based train control / Kenneth Diemunsch -- 3. Safe rail transport via nondestructive testing inspection of rails and communications-based train control systems / Vassilios Kappatos, Tat-Hean Gan, and Dimitris Stamatelos -- 4. Modeling of the wireless channels in underground tunnels for communications-based train control systems / Hongwei Wang, F. Richard Yu, Li Zhu, and Tao Tang -- 5. Modeling of the wireless channels with leaky waveguide for communications-based train control systems / Hongwei Wang, F. Richard Yu, Li Zhu, and Tao Tang -- 6. Communication availability in communications-based train control systems / Li Zhu and F. Richard Yu -- 7. Novel communications-based train control system with coordinated multipoint transmission and reception / Li Zhu, F. Richard Yu, and Tao Tang -- 8. Novel handoff cheme with multiple-input and multiple-output for communications-based train control systems / Hailin Jiang, Victor C.M. Leung, Chunhai Gao, and Tao Tang -- 9. Networked control for a group of trains in communications-based train control systems with random packet drops / Bing Bu, F. Richard Yu, and Tao Tang -- 10. Cognitive control for communications-based train control systems / Hongwei Wang and F. Richard Yu.
=520  \\$aThis book presents the latest advances in communication-based train control (CBTC) research. Chapters cover different aspects of modelling, analysis, design, testing, management, deployment, and optimization of CBTC systems. Other topics include: background and evolution of train signaling/train control systems; features and architecture of CBTC systems and describes current challenges and successful implementations around the world; nondestructive testing techniques; wireless channel modelling techniques for underground tunnels and viaducts; advanced wireless communication systems to improve CBTC communication availability; schemes to integrate train control and train-ground communications by modelling the control system of a group of trains in CBTC as a networked control system; use of cognitive control to improve train control performance, considering both train, ground communication and train control. --$cEdited summary from book.
=650  \0$aRailroads$xAutomatic train control.
=650  \7$aTECHNOLOGY & ENGINEERING$xEngineering (General)$2bisacsh
=650  \7$aRailroads$xAutomatic train control.$2fast$0(OCoLC)fst01088730
=655  \4$aElectronic books.
=700  1\$aYu, F. Richard,$eeditor.
=710  2\$aOhio Library and Information Network
=776  08$iPrint version:$tAdvances in Communications-based Train Control Systems.$dCRC Pr I Llc 2015$z9781482257434$w(OCoLC)912377492
=856  40$3Safari Books Online$zConnect to resource$uhttp://proquest.safaribooksonline.com/?uiCode=ohlink&xmlId=9781482257458
=856  40$3Safari Books Online$zConnect to resource (off-campus)$uhttp://proxy.ohiolink.edu:9099/login?url=http://proquest.safaribooksonline.com/?uiCode=ohlink&xmlId=9781482257458
=910  \\$asafari-2018-01

