=LDR  03627cam  2200529Ii 4500
=001  on1015239847
=003  OCoLC
=005  20180305031522.0
=006  m\\\\\o\\d\\\\\\\\
=007  cr\cnu---unuuu
=008  171212s2018\\\\cau\\\\\o\\\\\001\0\eng\d
=040  \\$aN$T$beng$erda$epn$cN$T$dGW5XE$dN$T$dOCLCF$dUAB$dUMI$dAZU$dUPM$dSTF$dCOO$dOCLCQ$dOH1
=019  \\$a1019901850$a1021190836
=020  \\$a9781484224755$q(electronic bk.)
=020  \\$a1484224752$q(electronic bk.)
=020  \\$z9781484224748$q(print)
=024  7\$a10.1007/978-1-4842-2475-5$2doi
=029  1\$aGBVCP$b1014935806
=035  \\$a(OCoLC)1015239847$z(OCoLC)1019901850$z(OCoLC)1021190836
=037  \\$aCL0500000931$bSafari Books Online
=050  \4$aQA76.76.A65
=072  \7$aCOM$x051230$2bisacsh
=082  04$a005.1$223
=049  \\$aOH1A
=100  1\$aJohnson, Paul,$eauthor.
=245  10$aUsing MVVM Light with your Xamarin apps /$h[electronic resource]
=264  \1$a[Berkeley, CA] :$bApress,$c[2018]
=264  \4$c©2018
=300  \\$a1 online resource
=336  \\$atext$btxt$2rdacontent
=337  \\$acomputer$bc$2rdamedia
=338  \\$aonline resource$bcr$2rdacarrier
=347  \\$atext file$bPDF$2rda
=506  \\$aAvailable to OhioLINK libraries
=588  0\$aOnline resource; title from PDF title page (EBSCO, viewed December 20, 2017).
=500  \\$aIncludes index.
=505  0\$a1: Installing MVVM Light -- 2: Your First MVVM Light Mobile App -- 3: Inversion of Control (IoC) & Messenging -- 4: Adding Functionality -- 5: Converting Your Existing Apps -- 6: The Outside World -- 7: Unit Testing -- 8: Using Xamarin Forms -- 9: Rounding Things Off.
=520  \\$aLearn how to use the popular MVVM Light development framework with a focus on reliable, maintainable code that can be deployed across any of the .NET-supported mobile platforms. Clear examples are provided of the advantages of the MVVM platform along with step-by-step demonstrations of how to create applications at different levels of complexity. Application development is covered for iOS, Android, and Windows phone (UWP) using MVVM Light as the central framework. The model-view-view-model (MVVM) pattern is valued by many developers as an excellent way to create sophisticated modern applications. Its clear separation of presentation and business logic produces a clean implementation that promotes speed, scalability, and code reuse in applications with a complex UI. These characteristics have long been highly valued by WPF developers, and now that benefit is available to Xamarin developers, too. What You'll Learn: Set up and install MVVM Light Understand the advantages and disadvantages of MVVM Discover why inversion of control is important in MVVM Conduct unit testing of MVVM apps Convert your existing apps to use MVVM Use MVVM Light within a Xamarin Forms app Use webservices Be introduced to the new .NET 2.0 Standard Class Library and how to use MVVM Light with it.
=650  \0$aApplication software$xDevelopment.
=650  \7$aCOMPUTERS$xSoftware Development & Engineering$xGeneral.$2bisacsh
=650  \7$aApplication software$xDevelopment.$2fast$0(OCoLC)fst00811707
=655  \4$aElectronic books.
=710  2\$aOhio Library and Information Network
=776  08$iPrinted edition:$z9781484224748
=856  40$3Safari Books Online$zConnect to resource$uhttp://proquest.safaribooksonline.com/?uiCode=ohlink&xmlId=9781484224755
=856  40$3Safari Books Online$zConnect to resource (off-campus)$uhttp://proxy.ohiolink.edu:9099/login?url=http://proquest.safaribooksonline.com/?uiCode=ohlink&xmlId=9781484224755
=910  \\$asafari-2018-01

