=LDR  05242cam  2200685Ii 4500
=001  on1015675011
=003  OCoLC
=005  20180305031522.0
=006  m\\\\\o\\d\\\\\\\\
=007  cr\cnu---unuuu
=008  171218s2018\\\\cau\\\\\o\\\\\001\0\eng\d
=040  \\$aN$T$beng$erda$epn$cN$T$dGW5XE$dN$T$dUAB$dUMI$dAZU$dUPM$dSTF$dCOO$dOCLCQ$dOH1
=019  \\$a1019901913$a1021196865
=020  \\$a9781484225622$q(electronic bk.)
=020  \\$a1484225627$q(electronic bk.)
=020  \\$z9781484225615$q(print)
=024  7\$a10.1007/978-1-4842-2562-2$2doi
=029  1\$aGBVCP$b1014935814
=035  \\$a(OCoLC)1015675011$z(OCoLC)1019901913$z(OCoLC)1021196865
=037  \\$aCL0500000931$bSafari Books Online
=050  \4$aTK5105.8885.O75
=072  \7$aCOM$x013000$2bisacsh
=072  \7$aCOM$x014000$2bisacsh
=072  \7$aCOM$x018000$2bisacsh
=072  \7$aCOM$x067000$2bisacsh
=072  \7$aCOM$x032000$2bisacsh
=072  \7$aCOM$x037000$2bisacsh
=072  \7$aCOM$x052000$2bisacsh
=072  \7$aUB$2bicssc
=082  04$a004/.36$223
=049  \\$aOH1A
=100  1\$aGarnica, Gustavo,$eauthor.
=245  10$aOracle WebLogic Server 12c administration I exam 1Z0-133 :$cGustavo Garnica.$h[electronic resource]
=264  \1$a[Berkeley, CA] :$bApress,$c2018.
=300  \\$a1 online resource
=336  \\$atext$btxt$2rdacontent
=337  \\$acomputer$bc$2rdamedia
=338  \\$aonline resource$bcr$2rdacarrier
=347  \\$atext file$bPDF$2rda
=506  \\$aAvailable to OhioLINK libraries
=588  0\$aOnline resource; title from PDF title page (EBSCO, viewed December 28, 2017).
=500  \\$aIncludes index.
=505  0\$aChapter 1: Overview -- Chapter 2: Installation and Updates -- Chapter 3: Domains -- Chapter 4: Node Manager -- Chapter 5: Servers -- Chapter 6: Change Management -- Chapter 7: Logging and Monitoring -- Chapter 8: Networking -- Chapter 9: Clusters? Basics -- Chapter 10: Clusters? Advanced -- Chapter 11: Clusters? Proxies -- Chapter 12: JDBC -- Chapter 13: Transactions -- Chapter 14: Application Deployment -- Chapter 15: Security -- Chapter 16: Back-up and Upgrade -- Chapter 17: Appendix -- Responses to certification questions.
=520  \\$aUse this comprehensive guide to study for the Oracle WebLogic Server 12c Administration I Exam 1Z0-133. This book is a unique introductory resource to the WebLogic Server certification for new Oracle Fusion Middleware administrators and a valuable resource for veteran WebLogic Server administrators seeking to update their skills for the 12c certification topics. It is common sense that passing a certification exam requires a good command of the subject matter, understanding the intricacies surrounding its practice, and having sufficient experience working with the concepts. This book aims to accelerate the process by providing an accurate review of all exam topics, suggesting hands-on practices to gain or reinforce experience working with WebLogic Server, and introducing questions to help candidates become familiar with the format and style of questions found on the actual certification exam. Oracle WebLogic Server 12c Administration I Exam 1Z0-133 covers the associate level certification with Oracle. Although not dedicated to exam 1Z0-599, the guide is also a valuable foundational resource for those preparing for WebLogic Server 12c implementation specialist level certification. This book: Inspects the certification topics in the order that you would likely follow in an on-the-job middleware infrastructure project Is a great resource for candidates preparing for the certification, who are unable to start with live or personally-assisted training Is a great starting point for those pursuing advanced Oracle WebLogic Server certifications What You'll Learn: Cover all topics on the certification exam 1Z0-133 Become familiar with the types and format of questions on the certification exam Understand and properly describe Oracle WebLogic Server domains and clusters Install, configure, maintain, and monitor Oracle WebLogic Server Deploy and manage applications on Oracle WebLogic Server Discover how to use new administration features of Oracle WebLogic Server 12c.
=630  00$aOracle WebLogic server$xExaminations$vStudy guides.
=650  \0$aWeb servers$xManagement$xExaminations$vStudy guides.
=650  \0$aWebmasters$xExaminations$vStudy guides.
=650  \7$aCOMPUTERS$xComputer Literacy.$2bisacsh
=650  \7$aCOMPUTERS$xComputer Science.$2bisacsh
=650  \7$aCOMPUTERS$xData Processing.$2bisacsh
=650  \7$aCOMPUTERS$xHardware$xGeneral.$2bisacsh
=650  \7$aCOMPUTERS$xInformation Technology.$2bisacsh
=650  \7$aCOMPUTERS$xMachine Theory.$2bisacsh
=650  \7$aCOMPUTERS$xReference.$2bisacsh
=655  \4$aElectronic books.
=710  2\$aOhio Library and Information Network
=776  08$iPrinted edition:$z9781484225615
=856  40$3Safari Books Online$zConnect to resource$uhttp://proquest.safaribooksonline.com/?uiCode=ohlink&xmlId=9781484225622
=856  40$3Safari Books Online$zConnect to resource (off-campus)$uhttp://proxy.ohiolink.edu:9099/login?url=http://proquest.safaribooksonline.com/?uiCode=ohlink&xmlId=9781484225622
=910  \\$asafari-2018-01

