=LDR  04562cam  2200721Ii 4500
=001  ocn990046840
=003  OCoLC
=005  20180305031522.0
=006  m\\\\\o\\d\\\\\\\\
=007  cr\cnu|||unuuu
=008  170614s2017\\\\xxu\\\\\o\\\\\000\0\eng\d
=040  \\$aN$T$beng$erda$epn$cN$T$dN$T$dGW5XE$dEBLCP$dYDX$dOCLCF$dUAB$dAZU$dUPM$dMERER$dESU$dOCLCQ$dCOO$dOCLCQ$dVT2$dIOG$dOCLCO$dK6U$dIDB$dMERUC$dUMI$dUIU$dTOH$dSTF$dOH1
=019  \\$a990318250$a991459912$a996423028$a999530672$a1005788109$a1011849723$a1017738611$a1019733866
=020  \\$a9781484228661$q(electronic bk.)
=020  \\$a1484228669$q(electronic bk.)
=020  \\$z9781484228654
=020  \\$a1484228650
=020  \\$a9781484228654
=024  7\$a10.1007/978-1-4842-2866-1$2doi
=024  3\$a9781484228654
=029  1\$aCHNEW$b000961981
=029  1\$aCHVBK$b491706111
=029  1\$aAU@$b000060466992
=029  1\$aGBVCP$b1014935954
=035  \\$a(OCoLC)990046840$z(OCoLC)990318250$z(OCoLC)991459912$z(OCoLC)996423028$z(OCoLC)999530672$z(OCoLC)1005788109$z(OCoLC)1011849723$z(OCoLC)1017738611$z(OCoLC)1019733866
=037  \\$a9781484228654$b00152887
=041  0\$aeng
=050  \4$aQA76.73.P98
=072  \7$aCOM$x051360$2bisacsh
=072  \7$aUMA$2bicssc
=082  04$a005.13/3$223
=049  \\$aOH1A
=100  1\$aSwamynathan, Manohar,$eauthor.
=245  10$aMastering machine learning with Python in six steps :$cManohar Swamynathan.$h[electronic resource]
=264  \1$a[United States] :$bApress,$c2017.
=300  \\$a1 online resource
=336  \\$atext$btxt$2rdacontent
=337  \\$acomputer$bc$2rdamedia
=338  \\$aonline resource$bcr$2rdacarrier
=347  \\$atext file$bPDF$2rda
=506  \\$aAvailable to OhioLINK libraries
=588  0\$aOnline resource; title from PDF title page (EBSCO, viewed June 16, 2017).
=505  0\$aChapter 1: Getting Started in Python -- Chapter 2: Introduction to Machine Learning -- Chapter 3: Fundamentals of Machine Learning -- Chapter 4: Model Diagnosis and Tuning -- Chapter 5: Text Mining -- Chapter 6: Demystifying Neural Network -- Chapter 7: Conclusion.
=520  \\$aMaster machine learning with Python in six steps and explore fundamental to advanced topics, all designed to make you a worthy practitioner. This book's approach is based on the "Six degrees of separation" theory, which states that everyone and everything is a maximum of six steps away. Mastering Machine Learning with Python in Six Steps presents each topic in two parts: theoretical concepts and practical implementation using suitable Python packages. You'll learn the fundamentals of Python programming language, machine learning history, evolution, and the system development frameworks. Key data mining/analysis concepts, such as feature dimension reduction, regression, time series forecasting and their efficient implementation in Scikit-learn are also covered. Finally, you'll explore advanced text mining techniques, neural networks and deep learning techniques, and their implementation. All the code presented in the book will be available in the form of iPython notebooks to enable you to try out these examples and extend them to your advantage.
=650  \0$aPython (Computer program language)
=650  \0$aData mining.
=650  \7$aCOMPUTERS$xProgramming Languages$xPython.$2bisacsh
=650  \7$aData mining.$2fast$0(OCoLC)fst00887946
=650  \7$aPython (Computer program language)$2fast$0(OCoLC)fst01084736
=650  \4$aMachine Learning.
=650  \4$aPython (Computer Program Language)
=650  \4$aComputers$xMachine Theory.
=650  \4$aComputers$xProgramming Languages$xPython.
=655  \4$aElectronic books.
=710  2\$aOhio Library and Information Network
=776  08$iPrinted edition:$z9781484228654
=856  40$uhttp://link.springer.com/10.1007/978-1-4842-2866-1$3SpringerLink$zConnect to resource
=856  40$uhttp://proxy.ohiolink.edu:9099/login?url=http://link.springer.com/10.1007/978-1-4842-2866-1$3SpringerLink$zConnect to resource (off-campus)
=856  40$3Safari Books Online$zConnect to resource$uhttp://proquest.safaribooksonline.com/?uiCode=ohlink&xmlId=9781484228661
=856  40$3Safari Books Online$zConnect to resource (off-campus)$uhttp://proxy.ohiolink.edu:9099/login?url=http://proquest.safaribooksonline.com/?uiCode=ohlink&xmlId=9781484228661
=910  \\$aspringer-2017-07-14
=910  \\$asafari-2018-01

