=LDR  08033cam  2200913Ki 4500
=001  ocn988753673
=003  OCoLC
=005  20180305031522.0
=006  m\\\\\o\\d\\\\\\\\
=007  cr\|||||||||||
=008  170602s2017\\\\nyu\\\\\o\\\\\000\0\eng\d
=040  \\$aYDX$beng$epn$cYDX$dN$T$dEBLCP$dN$T$dGW5XE$dUAB$dESU$dAZU$dUPM$dOCLCF$dIOG$dCOO$dMERER$dOCLCQ$dVT2$dOCLCO$dIDB$dK6U$dU3W$dMERUC$dUMI$dUIU$dTOH$dSTF$dOH1
=019  \\$a988396632$a989055284$a992469381$a992892065$a1005772038$a1011795953$a1017738612$a1019734016
=020  \\$a1484228693$q(electronic bk.)
=020  \\$a9781484228692$q(electronic bk.)
=020  \\$z9781484228685
=020  \\$a1484228685
=020  \\$a9781484228685
=024  7\$a10.1007/978-1-4842-2869-2$2doi
=029  1\$aCHNEW$b000961924
=029  1\$aCHVBK$b491705549
=029  1\$aDKDLA$b820120-katalog:000767525
=029  1\$aAU@$b000060382095
=029  1\$aGBVCP$b1014935962
=035  \\$a(OCoLC)988753673$z(OCoLC)988396632$z(OCoLC)989055284$z(OCoLC)992469381$z(OCoLC)992892065$z(OCoLC)1005772038$z(OCoLC)1011795953$z(OCoLC)1017738612$z(OCoLC)1019734016
=037  \\$aCL0500000921$bSafari Books Online
=041  0\$aeng
=050  \4$aQA76.585
=072  \7$aCOM$x013000$2bisacsh
=072  \7$aCOM$x014000$2bisacsh
=072  \7$aCOM$x018000$2bisacsh
=072  \7$aCOM$x067000$2bisacsh
=072  \7$aCOM$x032000$2bisacsh
=072  \7$aCOM$x037000$2bisacsh
=072  \7$aCOM$x052000$2bisacsh
=072  \7$aUNF$2bicssc
=072  \7$aUKS$2bicssc
=082  04$a004.6782$223
=049  \\$aOH1A
=100  1\$aYadav, Vinit.
=245  10$aProcessing big data with Azure HDInsight :$cVinit Yadav.$h[electronic resource]
=260  \\$a[New York] :$bApress,$c[2017]
=300  \\$a1 online resource
=336  \\$atext$btxt$2rdacontent
=337  \\$acomputer$bc$2rdamedia
=338  \\$aonline resource$bcr$2rdacarrier
=347  \\$atext file$bPDF$2rda
=505  0\$aAt a Glance; Contents; About the Author; About the Technical Reviewer; Acknowledgments; Introduction; Chapter 1: Big Data, Hadoop, and HDInsight; What Is Big Data?; The Scale-Up and Scale-Out Approaches; Apache Hadoop; A Brief History of Hadoop; HDFS; MapReduce; YARN; Hadoop Cluster Components; HDInsight; The Advantages of HDInsight; Summary; Chapter 2: Provisioning an HDInsight Cluster; An Azure Subscription; Creating the First Cluster; Basic Configuration Options; Creating a Cluster Using the Azure Portal; Connecting to a Cluster Using RDP; Connecting to a Cluster Using SSH.
=505  8\$aCreating a Cluster Using PowerShellCreating a Cluster Using an Azure Command-Line Interface; Creating a Cluster Using .NET SDK; The Resource Manager Template; HDInsight in a Sandbox Environment; Hadoop on a Virtual Machine; Hadoop on Windows; Preparing the Host Machine; Installing and Configuring Java JDK; Installing and configuring Python 2.7.x; Download and Install HDP for Windows; Summary; Chapter 3: Working with Data in HDInsight; Azure Blob Storage; The Benefits of Blob Storage; Uploading Data; Using Azure Command-Line Interface; Using Windows PowerShell.
=505  8\$aUsing Microsoft Azure Storage ExplorerRunning MapReduce Jobs; Using PowerShell; Using .NET SDK; Hadoop Streaming; Streaming Mapper and Reducer; Serialization with Avro Library; Data Serialization; Binary Encoding; JSON Encoding; Using Microsoft Avro Library; Summary; Chapter 4: Querying Data with Hive; Hive Essentials; Hive Architecture; Submitting a Hive Query; Using Hive View; Using Secure Shell (SSH); Using Visual Studio; Using .NET SDK; Writing HiveQL; Data Types; Create/Drop/Alter/Use Database; The Hive Table; Internal Tables; External Tables; Storage Formats; Row Formats and SerDe.
=505  8\$aPartitioned TablesCreate Table Options; Temporary Tables; Data Retrieval; Hive Metastore; Apache Tez; Connecting to Hive Using ODBC and Power BI; ODBC and Power BI Configuration; Prepare Data for Analysis; Creating Hive Tables; Analyzing Data Using Power BI; Hive UDFs in C#; User Defined Function (UDF); User Defined Aggregate Functions (UDAF); User Defined Tabular Functions (UDTF); Summary; Chapter 5: Using Pig with HDInsight; Understanding Relations, Bags, Tuples, and Fields; Data Types; Connecting to Pig; Operators and Commands; Executing Pig Scripts; Summary; Chapter 6: Working with HBase.
=505  8\$aOverviewWhere to Use HBase?; The Architecture of HBase; HBase HMaster; HRegion and HRegion Server; ZooKeeper; HBase Meta Table; Read and Write to an HBase Cluster; HFile; Major and Minor Compaction; Creating an HBase Cluster; Working with HBase; HBase Shell; Create Tables and Insert Data; HBase Shell Commands; Using .NET SDK to read/write Data; Writing Data; Reading/Querying Data; Summary; Chapter 7: Real-Time Analytics with Storm; Overview; Storm Topology; Stream Groupings; Storm Architecture; Nimbus; Supervisor Node; ZooKeeper; Worker, Executor, and Task; Creating a Storm Cluster.
=506  \\$aAvailable to OhioLINK libraries
=520  \\$aGet a jump start on using Azure HDInsight and Hadoop Ecosystem components. As most Hadoop and Big Data projects are written in either Java, Scala, or Python, this book minimizes the effort to learn another language and is written from the perspective of a .NET developer. Hadoop components are covered, including Hive, Pig, HBase, Storm, and Spark on Azure HDInsight, and code samples are written in .NET only. Processing Big Data with Azure HDInsight covers the fundamentals of big data, how businesses are using it to their advantage, and how Azure HDInsight fits into the big data world. This book introduces Hadoop and big data concepts and then dives into creating different solutions with HDInsight and the Hadoop Ecosystem. It covers concepts with real-world scenarios and code examples, making sure you get hands-on experience. The best way to utilize this book is to practice while reading. After reading this book you will be familiar with Azure HDInsight and how it can be utilized to build big data solutions, including batch processing, stream analytics, interactive processing, and storing and retrieving data in an efficient manner. What You Will Learn: Understand the fundamentals of HDInsight and Hadoop Work with HDInsight cluster Query with Apache Hive and Apache Pig Store and retrieve data with Apache HBase Stream data processing using Apache Storm Work with Apache Spark.
=630  00$aWindows Azure.
=630  00$aApache Hadoop.
=630  07$aApache Hadoop.$2fast$0(OCoLC)fst01911570
=630  07$aWindows Azure.$2fast$0(OCoLC)fst01796039
=650  \0$aCloud computing.
=650  \0$aBig data.
=650  \7$aCOMPUTERS$xComputer Literacy.$2bisacsh
=650  \7$aCOMPUTERS$xComputer Science.$2bisacsh
=650  \7$aCOMPUTERS$xData Processing.$2bisacsh
=650  \7$aCOMPUTERS$xHardware$xGeneral.$2bisacsh
=650  \7$aCOMPUTERS$xInformation Technology.$2bisacsh
=650  \7$aCOMPUTERS$xMachine Theory.$2bisacsh
=650  \7$aCOMPUTERS$xReference.$2bisacsh
=650  \7$aBig data.$2fast$0(OCoLC)fst01892965
=650  \7$aCloud computing.$2fast$0(OCoLC)fst01745899
=655  \4$aElectronic books.
=710  2\$aOhio Library and Information Network
=776  08$iPrinted edition:$z9781484228685
=856  40$uhttp://link.springer.com/10.1007/978-1-4842-2869-2$3SpringerLink$zConnect to resource
=856  40$uhttp://proxy.ohiolink.edu:9099/login?url=http://link.springer.com/10.1007/978-1-4842-2869-2$3SpringerLink$zConnect to resource (off-campus)
=856  40$3Safari Books Online$zConnect to resource$uhttp://proquest.safaribooksonline.com/?uiCode=ohlink&xmlId=9781484228685
=856  40$3Safari Books Online$zConnect to resource (off-campus)$uhttp://proxy.ohiolink.edu:9099/login?url=http://proquest.safaribooksonline.com/?uiCode=ohlink&xmlId=9781484228685
=910  \\$aspringer-2017-06-16
=910  \\$asafari-2018-01

