=LDR  08226cam  2200889Mi 4500
=001  ocn988278173
=003  OCoLC
=005  20180305031522.0
=006  m\\\\\o\\d\\\\\\\\
=007  cr\|n|||||||||
=008  170529s2017\\\\xxu\\\\\o\\\\\000\0\eng\d
=040  \\$aYDX$beng$epn$cYDX$dN$T$dEBLCP$dN$T$dGW5XE$dUAB$dESU$dAZU$dUPM$dOCLCF$dIOG$dCOO$dMERER$dOCLCQ$dIDB$dK6U$dU3W$dMERUC$dUMI$dUIU$dTOH$dSTF$dOH1
=019  \\$a988380737$a990427357$a991546633$a992467563$a992887006$a1005771883$a1007046843$a1012076710$a1017738676$a1019734060
=020  \\$a9781484228784$q(electronic bk.)
=020  \\$a1484228782$q(electronic bk.)
=020  \\$z9781484228777
=020  \\$z1484228774
=024  7\$a10.1007/978-1-4842-2878-4$2doi
=029  1\$aCHNEW$b000961886
=029  1\$aDKDLA$b820120-katalog:000767526
=029  1\$aAU@$b000060381991
=029  1\$aGBVCP$b1014935970
=035  \\$a(OCoLC)988278173$z(OCoLC)988380737$z(OCoLC)990427357$z(OCoLC)991546633$z(OCoLC)992467563$z(OCoLC)992887006$z(OCoLC)1005771883$z(OCoLC)1007046843$z(OCoLC)1012076710$z(OCoLC)1017738676$z(OCoLC)1019734060
=037  \\$aCL0500000921$bSafari Books Online
=041  0\$aeng
=050  \4$aQA76.8.R15
=072  \7$aCOM$x013000$2bisacsh
=072  \7$aCOM$x014000$2bisacsh
=072  \7$aCOM$x018000$2bisacsh
=072  \7$aCOM$x067000$2bisacsh
=072  \7$aCOM$x032000$2bisacsh
=072  \7$aCOM$x037000$2bisacsh
=072  \7$aCOM$x052000$2bisacsh
=082  04$a004.1$223
=049  \\$aOH1A
=100  1\$aPajankar, Ashwin.
=245  10$aRaspberry Pi Supercomputing and Scientific Programming :$cAshwin Pajankar.$h[electronic resource]
=260  \\$a[United States] :$bApress,$c2017.
=300  \\$a1 online resource
=336  \\$atext$btxt$2rdacontent
=337  \\$acomputer$bc$2rdamedia
=338  \\$aonline resource$bcr$2rdacarrier
=347  \\$atext file$bPDF$2rda
=490  1\$aTechnology in action
=505  0\$aAt a Glance; Contents; About the Author; About the Technical Reviewer; Acknowledgments; Introduction; Chapter 1: Introduction to Single Board Computers and Raspberry Pi; Single Board Computers (SBCs); Differences Between SBCs and Regular Computers; System on Chip; SoC vs. Regular CPU; History of SBCs; Popular SBC Families; Raspberry Pi; Raspberry Pi Setup; Hardware required for Raspberry Pi setup; Raspberry Pi; Computer; I/O Devices; MicroSD card; Power Supply; SD/microSD Card Reader; Monitor; Manual Preparation of the MicroSD Card for Raspberry Pi.
=505  8\$aDownload the Required Free SoftwareDownload Accelerator Plus; Win32DiskImager; WinZip or WinRaR; Download and Extract the Raspbian OS Image; Writing the Raspbian OS Image to the MicroSD Card; Altering the Contents of the config.txt File for VGA Monitors; Booting up the Pi; Configuring the Pi; Raspbian; config.txt; Connecting Raspberry Pi to a Network and the Internet; WiFi; Ethernet; Static IP address; Dynamic IP address; Updating the Pi; Updating the Firmware; Updating and Upgrading Raspbian; Updating raspi-config; Shutting Down and Restarting Pi; Conclusion.
=505  8\$aChapter 2: Important Linux Commands and Remote ConnectivityImportant and Useful Linux Commands; Getting Help with Linux Commands; Network-related Commands; ifconfig; iwconfig; iwlist wlan0 scan; ping; System Information Commands; CPU-related Information; Memory-related Information; System and OS Version Information; Partition-related Information; Other Useful Commands; Enabling Pi for SSH from raspi-config; Connecting to the Raspberry Pi Remotely from Windows; Checking the Connectivity with Pi from Another Computer; PuTTY; Accessing Raspberry Pi Desktop Remotely; WinSCP.
=505  8\$aConnecting to Raspberry Pi Using Linux or macOSRemote Login with SSH; Forwarding Using SSH; SCP for File Transfer; Conclusion; Chapter 3: Introduction to Python; History of Python; Features of Python; Simple; Easy to Learn; Easy to Read; Easy to Maintain; Open Source; High-level Language; Portable; Interpreted; Object-Oriented; Extensible; Extensive Libraries; Robust; Rapid Prototyping; Memory Management; Powerful; Community Support; Python 3; The Differences Between Python 2 and Python 3; Why Use Python 3?; Python 2 and Python 3 on Raspbian; Running a Python Program and Python Modes.
=505  8\$aInteractive ModeNormal Mode; IDEs for Python; IDLE; Geany; Conclusion; Chapter 4: Introduction to Supercomputing; Concept of the Supercomputer; Brief history of Supercomputers; Cluster; Heterogenous Cluster; Beowulf Cluster; Parallelism and Concurrency; Parallelism; Concurrency; Parallel Programming; Conclusion; Chapter 5: Message Passing Interface; Message Passing Interface; History and Evolution of the MPI Standard; Features of MPI; Implementations of MPI; MPI4PY; Why Use the Python, MPI, and MPI4PY Combination?; Installing MPI4PY for Python3 on Raspbian; Installing nmap; Conclusion.
=506  \\$aAvailable to OhioLINK libraries
=520  \\$aBuild an inexpensive cluster of multiple Raspberry Pi computers and install all the required libraries to write parallel and scientific programs in Python 3. This book covers setting up your Raspberry Pis, installing the necessary software, and making a cluster of multiple Pis. Once the cluster is built, its power has to be exploited by means of programs to run on it. So, Raspberry Pi Supercomputing and Scientific Programming teaches you to code the cluster with the MPI4PY library of Python 3. Along the way, you will learn the concepts of the Message Passing Interface (MPI) standards and will explore the fundamentals of parallel programming on your inexpensive cluster. This will make this book a great starting point for supercomputing enthusiasts who want to get started with parallel programming. The book finishes with details of symbolic mathematics and scientific and numerical programming in Python, using SymPi, SciPy, NumPy, and Matplotlib. You'll see how to process signals and images, carry out calculations using algebra, and visualize your results, all using Python code. With the power of a Raspberry Pi supercomputer at your fingertips, data-intensive scientific programming becomes a reality at home. You will: Discover the essentials of supercomputing Build a low-cost cluster of Raspberry Pis at home Harness the power of parallel programming and the Message Passing Interface (MPI) Use your supercomputer for symbolic, numerical, and scientific programming.
=650  \0$aRaspberry Pi (Computer)
=650  \0$aComputer programming.
=650  \0$aPython (Computer program language)
=650  \0$aProgramming languages (Electronic computers)
=650  \7$aCOMPUTERS$xComputer Literacy.$2bisacsh
=650  \7$aCOMPUTERS$xComputer Science.$2bisacsh
=650  \7$aCOMPUTERS$xData Processing.$2bisacsh
=650  \7$aCOMPUTERS$xHardware$xGeneral.$2bisacsh
=650  \7$aCOMPUTERS$xInformation Technology.$2bisacsh
=650  \7$aCOMPUTERS$xMachine Theory.$2bisacsh
=650  \7$aCOMPUTERS$xReference.$2bisacsh
=650  \7$aComputer programming.$2fast$0(OCoLC)fst00872390
=650  \7$aProgramming languages (Electronic computers)$2fast$0(OCoLC)fst01078704
=650  \7$aPython (Computer program language)$2fast$0(OCoLC)fst01084736
=650  \7$aRaspberry Pi (Computer)$2fast$0(OCoLC)fst01895174
=655  \4$aElectronic books.
=710  2\$aOhio Library and Information Network
=776  08$iPrint version:$z9781484228777$z1484228774$w(OCoLC)985082626
=830  \0$aTechnology in action.
=856  40$uhttp://link.springer.com/10.1007/978-1-4842-2878-4$3SpringerLink$zConnect to resource
=856  40$uhttp://proxy.ohiolink.edu:9099/login?url=http://link.springer.com/10.1007/978-1-4842-2878-4$3SpringerLink$zConnect to resource (off-campus)
=856  40$3Safari Books Online$zConnect to resource$uhttp://proquest.safaribooksonline.com/?uiCode=ohlink&xmlId=9781484228784
=856  40$3Safari Books Online$zConnect to resource (off-campus)$uhttp://proxy.ohiolink.edu:9099/login?url=http://proquest.safaribooksonline.com/?uiCode=ohlink&xmlId=9781484228784
=910  \\$aspringer-2017-06-16
=910  \\$asafari-2018-01

