=LDR  03687cam  2200589Ii 4500
=001  on1015309819
=003  OCoLC
=005  20180305031522.0
=006  m\\\\\o\\d\\\\\\\\
=007  cr\cnu|||unuuu
=008  171213t20182018nyua\\\\o\\\\\001\0\eng\d
=040  \\$aN$T$beng$erda$epn$cN$T$dN$T$dGW5XE$dOCLCF$dUAB$dUMI$dUPM$dSTF$dCOO$dOCLCQ$dOCLCO$dOH1
=019  \\$a1019901991$a1021226485
=020  \\$a9781484229767$q(electronic bk.)
=020  \\$a1484229762$q(electronic bk.)
=020  \\$z9781484229750
=024  7\$a10.1007/978-1-4842-2976-7$2doi
=029  1\$aAU@$b000061389557
=029  1\$aGBVCP$b1014936020
=035  \\$a(OCoLC)1015309819$z(OCoLC)1019901991$z(OCoLC)1021226485
=037  \\$aCL0500000931$bSafari Books Online
=050  \4$aQA76.585
=072  \7$aBUS$x000000$2bisacsh
=082  04$a651.8425$223
=049  \\$aOH1A
=100  1\$aReagan, Rob,$eauthor.
=245  10$aWeb applications on Azure :$cRob Reagan.$h[electronic resource]
=264  \1$aNew York :$bApress,$c[2018]
=264  \4$c©2018
=300  \\$a1 online resource :$billustrations
=336  \\$atext$btxt$2rdacontent
=337  \\$acomputer$bc$2rdamedia
=338  \\$aonline resource$bcr$2rdacarrier
=347  \\$atext file$bPDF$2rda
=500  \\$aIncludes index.
=506  \\$aAvailable to OhioLINK libraries
=588  0\$aVendor-supplied metadata.
=505  0\$a1. Introducing Azure -- 2. Web Applications -- 3. Azure Data Storage -- 4. Azure SQL Databases -- 5. Azure Table Storage -- 6. CosmosDB -- 7. Redis Cache -- 8. WebJobs -- 9. Messaging Queues -- 10. Other Tips and Tricks.- 11. Troubleshooting Web Applications -- 12. Deployment.
=520  \\$aBuild .NET apps on Microsoft Azure services that can grow to Internet scale. Learn how you can make smart application architecture decisions and follow best practices so that your website can handle tens of thousands of concurrent users and deliver your content globally. Author Rob Reagan takes you through key Azure technologies targeted toward building web applications, and along the way shares his lessons learned in scaling out real-world web applications. After an overview of web application building blocks, the book dives into relational and NoSQL data storage options on Azure, including Azure Table Storage and Cosmos DB. You'll then discover how to make best use of Redis Cache, WebJobs, Messaging Queues, and more, alongside other tips, tricks, and troubleshooting advice for when things go wrong. The book concludes with a thorough exploration of best practices for deployment at scale. What You'll Learn: Develop scalable web applications on Azure with ASP.NET MVC Understand the pros and cons of using SQL Azure vs. NoSQL solutions (Azure Tables, Cosmos DB) Perform data migration, backup, and recovery in SQL Azure Use effective caching Troubleshoot your web applications Know best practices for deployment.
=630  00$aWindows Azure.
=650  \0$aWeb services.
=650  \0$aCloud computing.
=650  \7$aBUSINESS & ECONOMICS$xGeneral.$2bisacsh
=630  07$aWindows Azure.$2fast$0(OCoLC)fst01796039
=650  \7$aCloud computing.$2fast$0(OCoLC)fst01745899
=650  \7$aWeb services.$2fast$0(OCoLC)fst01173242
=655  \4$aElectronic books.
=710  2\$aOhio Library and Information Network
=776  08$iPrinted edition:$z9781484229750
=856  40$3Safari Books Online$zConnect to resource$uhttp://proquest.safaribooksonline.com/?uiCode=ohlink&xmlId=9781484229767
=856  40$3Safari Books Online$zConnect to resource (off-campus)$uhttp://proxy.ohiolink.edu:9099/login?url=http://proquest.safaribooksonline.com/?uiCode=ohlink&xmlId=9781484229767
=910  \\$asafari-2018-01

