=LDR  04660cam  2200673Ii 4500
=001  on1017736831
=003  OCoLC
=005  20180305031522.0
=006  m\\\\\o\\d\\\\\\\\
=007  cr\cnu|||unuuu
=008  180103s2018\\\\cau\\\\\o\\\\\001\0\eng\d
=040  \\$aN$T$beng$erda$epn$cN$T$dN$T$dGW5XE$dUAB$dUMI$dAZU$dUPM$dSTF$dOCLCF$dCOO$dOCLCQ$dOH1
=019  \\$a1020288576$a1021190019
=020  \\$a9781484229941$q(electronic bk.)
=020  \\$a1484229940$q(electronic bk.)
=020  \\$z9781484229934
=024  7\$a10.1007/978-1-4842-2994-1$2doi
=029  1\$aGBVCP$b1014936039
=035  \\$a(OCoLC)1017736831$z(OCoLC)1020288576$z(OCoLC)1021190019
=037  \\$aCL0500000932$bSafari Books Online
=050  \4$aHF5415.5
=072  \7$aBUS$x082000$2bisacsh
=072  \7$aBUS$x041000$2bisacsh
=072  \7$aBUS$x042000$2bisacsh
=072  \7$aBUS$x085000$2bisacsh
=072  \7$aUB$2bicssc
=082  04$a658.8/1200285$223
=049  \\$aOH1A
=100  1\$aDuarte, Felicia,$eauthor.
=245  10$aLearn salesforce lightning :$cFelicia Duarte, Rachelle Hoffman.$h[electronic resource]
=264  \1$aCalifornia :$bApress,$c[2018]
=264  \4$c©2018
=300  \\$a1 online resource
=336  \\$atext$btxt$2rdacontent
=337  \\$acomputer$bc$2rdamedia
=338  \\$aonline resource$bcr$2rdacarrier
=347  \\$atext file$bPDF$2rda
=500  \\$aOnline resource; title from PDF title page (EBSCO, viewed January 5, 2018).
=500  \\$aIncludes index.
=506  \\$aAvailable to OhioLINK libraries
=520  \\$a"Refer to this invaluable how-to guide for basic training on Salesforce Lightning. Salespeople and technical users and consultants will no longer have to resort to learning the interface on their own, which is very time consuming. Learn Salesforce Lightning is a step-by-step visual guide that offers immediate and valuable solutions to the new set of UI tools included in Lightning. With chapters broken down into easily absorbed topics, you walk through the entire process of managing your daily activities within Salesforce, as well as basic customizations and system management. The book explains the primary use cases for Lighting, and simplifies some of the more complex features, such as opportunity stage management and the new dashboard builder. Topics covered include: Sales and service managementLightning Apps on the AppExchangeLightning dashboards and reportsLightning securityLightning Process Builder and more What You'll Learn Navigate the Salesforce Lightning interfaceKnow where to go in the setup area to make customizationsCreate dynamic reports and dashboardsView Lightning on a mobile deviceTrain other users on common day-to-day activities within Lightning Who This Book Is for Salespeople, managers, and executives who are currently evaluating Salesforce.com, who recently purchased a license with Salesforce.com, or recently upgraded to the Lightning user interface. This book is also for Salesforce administrators, consultants, project managers, and technical users looking for basic training on Salesforce Lightning."--$cProvided by publisher.
=505  0\$aChapter 1: Introducing Salesforce Lightning -- Chapter 2: Sales Management -- Chapter 3: Salesforce Service Cloud -- Chapter 4: Lightning Apps on the AppExchange -- Chapter 5: Lightning Dashboards and Reports -- Chapter 6: Collaborating -- Chapter 7: Lightning Process Builder -- Chapter 8: Data Management -- Chapter 9: Security Overview.
=650  \0$aSalesforce (Online service)
=650  \0$aCustomer relations$xManagement$xData processing.
=650  \0$aSales management$xData processing.
=650  \7$aBUSINESS & ECONOMICS$xIndustrial Management.$2bisacsh
=650  \7$aBUSINESS & ECONOMICS$xManagement.$2bisacsh
=650  \7$aBUSINESS & ECONOMICS$xManagement Science.$2bisacsh
=650  \7$aBUSINESS & ECONOMICS$xOrganizational Behavior.$2bisacsh
=650  \7$aCustomer relations$xManagement$xData processing.$2fast$0(OCoLC)fst00885540
=650  \7$aSales management$xData processing.$2fast$0(OCoLC)fst01103836
=650  \7$aSalesforce (Online service)$2fast$0(OCoLC)fst01743478
=655  \4$aElectronic books.
=700  1\$aHoffman, Rachelle,$eauthor.
=710  2\$aOhio Library and Information Network
=776  08$iPrinted edition:$z9781484229934
=856  40$3Safari Books Online$zConnect to resource$uhttp://proquest.safaribooksonline.com/?uiCode=ohlink&xmlId=9781484229941
=856  40$3Safari Books Online$zConnect to resource (off-campus)$uhttp://proxy.ohiolink.edu:9099/login?url=http://proquest.safaribooksonline.com/?uiCode=ohlink&xmlId=9781484229941
=910  \\$asafari-2018-01

