=LDR  04290cam  2200685Ii 4500
=001  on1015372155
=003  OCoLC
=005  20180305031522.0
=006  m\\\\\o\\d\\\\\\\\
=007  cr\cnu---unuuu
=008  171215s2018\\\\cau\\\\\ob\\\\001\0\eng\d
=040  \\$aN$T$beng$erda$epn$cN$T$dGW5XE$dN$T$dOCLCF$dUAB$dUMI$dAZU$dUPM$dSTF$dOCLCQ$dOCLCO$dCOO$dOCLCQ$dOCLCO$dOH1
=019  \\$a1019901992$a1021197614
=020  \\$a9781484230428$q(electronic bk.)
=020  \\$a1484230426$q(electronic bk.)
=020  \\$z9781484230411$q(print)
=024  7\$a10.1007/978-1-4842-3042-8$2doi
=029  1\$aAU@$b000061389620
=029  1\$aGBVCP$b1014936047
=035  \\$a(OCoLC)1015372155$z(OCoLC)1019901992$z(OCoLC)1021197614
=037  \\$aCL0500000931$bSafari Books Online
=050  \4$aQA76.73.J38
=072  \7$aCOM$x051280$2bisacsh
=082  04$a005.13/3$223
=049  \\$aOH1A
=245  00$aPro JavaFX 9 :$cJohan Vos, Stephen Chin, Weiqi Gao, James Weaver, Dean Iverson.$h[electronic resource]
=250  \\$aFourth edition.
=264  \1$a[Berkeley, CA] :$bApress,$c2018.
=300  \\$a1 online resource
=336  \\$atext$btxt$2rdacontent
=337  \\$acomputer$bc$2rdamedia
=338  \\$aonline resource$bcr$2rdacarrier
=347  \\$atext file$bPDF$2rda
=506  \\$aAvailable to OhioLINK libraries
=588  0\$aOnline resource; title from PDF title page (EBSCO, viewed December 28, 2017).
=500  \\$aIncludes index.
=504  \\$aIncludes bibliographical references and index.
=520  \\$aUse the JavaFX platform to create rich-client Java applications and discover how you can use this powerful Java-based UI platform, which is capable of handling large-scale data-driven business applications for PC as well as mobile and embedded devices. The expert authors cover the new more modular JavaFX 9 APIs, development tools, and best practices and provide code examples that explore the exciting new features provided with JavaFX 9, part of Oracle's new Java 9 release. Pro JavaFX 9: A Definitive Guide to Building Desktop, Mobile, and Embedded Java Clients also contains engaging tutorials that cover virtually every facet of JavaFX development and reference materials on JavaFX that augment the JavaFX API documentation. New material in this edition includes JavaFX UI controls and CSS APIs for modularization. Additionally, there is coverage of the Shader DSL for JavaFX that allows you to generate Shaders for OpenGL and Direct3D. After reading and using this book, you'll have the knowledge to give you an edge in your next JavaFX-based project. You will: Create a user interface in JavaFX Use SceneBuilder to create a user interface Build dynamic UI layouts in JavaFX and using the JavaFX UI controls Create charts in JavaFX Use the media classes, including JavaFX 3D Design and deploy for embedded, mobile and tablet Leverage JavaFX languages and markup.
=630  00$aJavaFX (Electronic resource)
=650  \0$aJava (Computer program language)
=650  \0$aGraphical user interfaces (Computer systems)
=650  \0$aApplication software$xDevelopment.
=650  \0$aInternet programming.
=650  \7$aCOMPUTERS$xProgramming Languages$xJava.$2bisacsh
=630  07$aJavaFX (Electronic resource)$2fast$0(OCoLC)fst01785033
=650  \7$aApplication software$xDevelopment.$2fast$0(OCoLC)fst00811707
=650  \7$aGraphical user interfaces (Computer systems)$2fast$0(OCoLC)fst00946660
=650  \7$aInternet programming.$2fast$0(OCoLC)fst00977281
=650  \7$aJava (Computer program language)$2fast$0(OCoLC)fst00982065
=655  \4$aElectronic books.
=700  1\$aVos, Johan,$eauthor.
=700  1\$aChin, Stephen,$d1977-$eauthor.
=700  1\$aGao, Weiqi,$eauthor.
=700  1\$aWeaver, James,$eauthor.
=700  1\$aIverson, Dean,$eauthor.
=710  2\$aOhio Library and Information Network
=776  08$iPrinted edition:$z9781484230411
=856  40$3Safari Books Online$zConnect to resource$uhttp://proquest.safaribooksonline.com/?uiCode=ohlink&xmlId=9781484230428
=856  40$3Safari Books Online$zConnect to resource (off-campus)$uhttp://proxy.ohiolink.edu:9099/login?url=http://proquest.safaribooksonline.com/?uiCode=ohlink&xmlId=9781484230428
=910  \\$asafari-2018-01

