=LDR  05667cam  2200613Ii 4500
=001  on1015239849
=003  OCoLC
=005  20180305031522.0
=006  m\\\\\o\\d\\\\\\\\
=007  cr\cnu|||unuuu
=008  171212s2018\\\\xxu\\\\\o\\\\\001\0\eng\d
=040  \\$aN$T$beng$erda$epn$cN$T$dGW5XE$dN$T$dYDX$dOCLCA$dOCLCF$dUAB$dUMI$dAZU$dUPM$dSTF$dCOO$dOCLCQ$dOH1
=019  \\$a1015816318$a1019902048$a1021187534
=020  \\$a9781484230480$q(electronic bk.)
=020  \\$a1484230485$q(electronic bk.)
=020  \\$z9781484230473$q(print)
=020  \\$z1484230477
=024  7\$a10.1007/978-1-4842-3048-0$2doi
=029  1\$aGBVCP$b1014936055
=035  \\$a(OCoLC)1015239849$z(OCoLC)1015816318$z(OCoLC)1019902048$z(OCoLC)1021187534
=037  \\$aCL0500000931$bSafari Books Online
=050  \4$aQA76.9.A25
=072  \7$aCOM$x043050$2bisacsh
=082  04$a005.8$223
=049  \\$aOH1A
=100  1\$aHaber, Morey J.,$eauthor.
=245  10$aPrivileged attack vectors :$cMorey J. Haber, Brad Hibbert.$h[electronic resource]
=264  \1$a[United States] :$bApress,$c2018.
=264  \2$aNew York, NY :$bDistributed to the Book trade worldwide by Springer
=264  \4$c©2018
=300  \\$a1 online resource
=336  \\$atext$btxt$2rdacontent
=337  \\$acomputer$bc$2rdamedia
=338  \\$aonline resource$bcr$2rdacarrier
=347  \\$atext file$bPDF$2rda
=500  \\$aIncludes index.
=506  \\$aAvailable to OhioLINK libraries
=588  0\$aOnline resource; title from PDF title page (SpringerLink, viewed December 20, 2017).
=505  0\$aChapter 1: Privileges -- Chapter 2: Shared Credentials -- Chapter 3: Password Hacking -- Chapter 4: Privilege Escalation -- Chapter 5: Insider Threats -- Chapter 6: Insider Threats -- Chapter 7: Threat Hunting -- Chapter 8: Data Centric Audit and Protection -- Chapter 9: Privileged Monitoring -- Chapter 10: Privilege Access Management -- Chapter 11: PAM Architecture -- Chapter 12: Break Glass -- Chapter 13: Industrial Control Systems (ICS) -- Chapter 14: Internet of Things (IoT) -- Chapter 15: The Cloud -- Chapter 16: Mobile Devices -- Chapter 17: Ransomware -- Chapter 18: Secured DevOps (SDevOps) -- Chapter 19: Regulatory Compliance -- Chapter 20: Sample PAM Use Cases -- Chapter 21: Deployment Considerations -- Chapter 22: Privileged Account Management Implementation -- Chapter 23: Key Takeaways -- Chapter 24: Conclusion.
=520  \\$6880-01$aSee how privileges, passwords, vulnerabilities, and exploits can be combined as an attack vector and breach any organization. Cyber attacks continue to increase in volume and sophistication. It is not a matter of if, but when, your organization will be breached. Attackers target the perimeter network, but, in recent years, have refocused their efforts on the path of least resistance: users and their privileges. In decades past, an entire enterprise might be sufficiently managed through just a handful of credentials. Today's environmental complexity means privileged credentials are needed for a multitude of different account types (from domain admin and sysadmin to workstations with admin rights), operating systems (Windows, Unix, Linux, etc.), directory services, databases, applications, cloud instances, networking hardware, Internet of Things (IoT), social media, and more. When unmanaged, these privileged credentials pose a significant threat from external hackers and insider threats. There is no one silver bullet to provide the protection you need against all vectors and stages of an attack. And while some new and innovative solutions will help protect against or detect the initial infection, they are not guaranteed to stop 100% of malicious activity. The volume and frequency of privilege-based attacks continues to increase and test the limits of existing security controls and solution implementations. Privileged Attack Vectors details the risks associated with poor privilege management, the techniques that hackers and insiders leverage, and the defensive measures that organizations must adopt to protect against a breach, protect against lateral movement, and improve the ability to detect hacker activity or insider threats in order to mitigate the impact. What You'll Learn: Know how identities, credentials, passwords, and exploits can be leveraged to escalate privileges during an attack Implement defensive and auditing strategies to mitigate the threats and risk Understand a 12-step privileged access management Implementation plan Consider deployment and scope, including risk, auditing, regulations, and oversight solutions.
=650  \0$aComputer security.
=650  \0$aComputer networks$xSecurity measures.
=650  \0$aComputer networks$xAccess control.
=650  \7$aCOMPUTERS$xSecurity$xNetworking.$2bisacsh
=650  \7$aComputer networks$xAccess control.$2fast$0(OCoLC)fst00872298
=650  \7$aComputer networks$xSecurity measures.$2fast$0(OCoLC)fst00872341
=650  \7$aComputer security.$2fast$0(OCoLC)fst00872484
=655  \4$aElectronic books.
=700  1\$aHibbert, Brad,$eauthor.
=710  2\$aOhio Library and Information Network
=776  08$iPrint version:$aHaber, Morey J.$tPrivileged attack vectors.$d[United States] : Apress, 2018$z1484230477$z9781484230473$w(OCoLC)1001975867
=856  40$3Safari Books Online$zConnect to resource$uhttp://proquest.safaribooksonline.com/?uiCode=ohlink&xmlId=9781484230480
=856  40$3Safari Books Online$zConnect to resource (off-campus)$uhttp://proxy.ohiolink.edu:9099/login?url=http://proquest.safaribooksonline.com/?uiCode=ohlink&xmlId=9781484230480
=910  \\$asafari-2018-01

