=LDR  03747cam  2200625Ii 4500
=001  on1016156246
=003  OCoLC
=005  20180305031522.0
=006  m\\\\\o\\d\\\\\\\\
=007  cr\cnu|||unuuu
=008  171221s2018\\\\xxu\\\\\o\\\\\001\0\eng\d
=040  \\$aN$T$beng$erda$epn$cN$T$dN$T$dYDX$dEBLCP$dGW5XE$dUAB$dUMI$dAZU$dUPM$dSTF$dOCLCF$dCOO$dOCLCQ$dOCLCO$dOH1
=019  \\$a1016969368$a1020288660$a1021197152
=020  \\$a9781484230633$q(electronic bk.)
=020  \\$a1484230639$q(electronic bk.)
=020  \\$z9781484230626
=020  \\$z1484230620
=024  7\$a10.1007/978-1-4842-3063-3$2doi
=029  1\$aGBVCP$b1014936063
=035  \\$a(OCoLC)1016156246$z(OCoLC)1016969368$z(OCoLC)1020288660$z(OCoLC)1021197152
=037  \\$aCL0500000932$bSafari Books Online
=050  \4$aQA76.73.S95
=072  \7$aCOM$x000000$2bisacsh
=082  04$a005.13/3$223
=049  \\$aOH1A
=100  1\$aKaczmarek, Stefan,$eauthor.
=245  10$aSwift 4 for Absolute Beginners :$cStefan Kaczmarek, Brad Lees, Gary Bennett.$h[electronic resource]
=250  \\$aFourth edition.
=264  \1$a[Place of publication not identified] :$bApress,$c2018.
=300  \\$a1 online resource
=336  \\$atext$btxt$2rdacontent
=337  \\$acomputer$bc$2rdamedia
=338  \\$aonline resource$bcr$2rdacarrier
=347  \\$atext file$bPDF$2rda
=500  \\$aIncludes index.
=506  \\$aAvailable to OhioLINK libraries
=588  0\$aVendor-supplied metadata.
=520  \\$aStay motivated and overcome obstacles while learning to use Swift Playgrounds to be a great iOS developer. This book is perfect for those with no programming background, those with some programming experience but no object-oriented experience, or those that have a great idea for an app but haven't programmed since school, and it is now updated for Swift 4. Many people have a difficult time believing they can learn to write iOS apps. Swift 4 for Absolute Beginners, along with the free, live online training sessions will show you how to do so. You'll learn Object Oriented Programming and be introduced to HealthKit before moving on to write your own iPhone and Watch apps from scratch. Gary Bennett and Brad Lees are full-time professional iOS developers and have developed a broad spectrum of apps for Fortune 500 companies. The authors have taken their combined 14 years of writing apps, teaching online iOS courses, the experience from their first three iOS books, along with their online instruction and free online forum at XcelMe.com to create an excellent training book.
=630  00$aiOS (Electronic resource)
=630  00$aMac OS.
=650  \0$aSwift (Computer program language)
=650  \0$aApplication software$xDevelopment.
=650  \7$aCOMPUTER SCIENCE$xGeneral.$2bisacsh
=630  07$aIOS (Electronic resource)$2fast$0(OCoLC)fst01784820
=630  07$aMac OS.$2fast$0(OCoLC)fst01386304
=650  \7$aApplication software$xDevelopment.$2fast$0(OCoLC)fst00811707
=650  \7$aSwift (Computer program language)$2fast$0(OCoLC)fst01922222
=655  \4$aElectronic books.
=700  1\$aLees, Brad,$eauthor.
=700  1\$aBennett, Gary,$eauthor.
=710  2\$aOhio Library and Information Network
=776  08$iPrint version:$aKaczmarek, Stefan.$tSwift 4 for Absolute Beginners.$bFourth edition.$d[Place of publication not identified] : Apress, 2018$z1484230620$z9781484230626$w(OCoLC)996401934
=856  40$3Safari Books Online$zConnect to resource$uhttp://proquest.safaribooksonline.com/?uiCode=ohlink&xmlId=9781484230633
=856  40$3Safari Books Online$zConnect to resource (off-campus)$uhttp://proxy.ohiolink.edu:9099/login?url=http://proquest.safaribooksonline.com/?uiCode=ohlink&xmlId=9781484230633
=910  \\$asafari-2018-01

