=LDR  03706cam  2200709Ii 4500
=001  on1015675012
=003  OCoLC
=005  20180305031522.0
=006  m\\\\\o\\d\\\\\\\\
=007  cr\cnu---unuuu
=008  171218s2018\\\\cau\\\\\o\\\\\001\0\eng\d
=040  \\$aN$T$beng$erda$epn$cN$T$dGW5XE$dN$T$dOCLCF$dUAB$dUMI$dAZU$dUPM$dSTF$dCOO$dOCLCQ$dOH1
=019  \\$a1019901993$a1021193253
=020  \\$a9781484230664$q(electronic bk.)
=020  \\$a1484230663$q(electronic bk.)
=020  \\$z9781484230657$q(print)
=024  7\$a10.1007/978-1-4842-3066-4$2doi
=029  1\$aAU@$b000061389666
=029  1\$aGBVCP$b1014936071
=035  \\$a(OCoLC)1015675012$z(OCoLC)1019901993$z(OCoLC)1021193253
=037  \\$aCL0500000931$bSafari Books Online
=050  \4$aQA76.27
=072  \7$aCOM$x013000$2bisacsh
=072  \7$aCOM$x014000$2bisacsh
=072  \7$aCOM$x018000$2bisacsh
=072  \7$aCOM$x067000$2bisacsh
=072  \7$aCOM$x032000$2bisacsh
=072  \7$aCOM$x037000$2bisacsh
=072  \7$aCOM$x052000$2bisacsh
=082  04$a004$223
=049  \\$aOH1A
=100  1\$aFeiler, Jesse,$eauthor.
=245  10$aLearn computer science with Swift :$cJesse Feiler.$h[electronic resource]
=264  \1$a[Berkeley, CA] :$bApress,$c2018.
=300  \\$a1 online resource
=336  \\$atext$btxt$2rdacontent
=337  \\$acomputer$bc$2rdamedia
=338  \\$aonline resource$bcr$2rdacarrier
=347  \\$atext file$bPDF$2rda
=506  \\$aAvailable to OhioLINK libraries
=588  0\$aOnline resource; title from PDF title page (EBSCO, viewed December 28, 2017).
=500  \\$aIncludes index.
=520  \\$aMaster the basics of solving logic puzzles, and creating algorithms using Swift on Apple platforms. This book is based on the curriculum currently being used in common computer classes. You?ll learn to automate algorithmic processes that scale using Swift in the context of iOS, macOS, tvOS, and watchOS. Begin by understanding how to think computationally: to formulate a computational problem and recognize patterns and ways to validate it. Then jump ahead past the abstractions and conceptual work into using code snippets to build frameworks and write code using Xcode and Swift. Once you have frameworks in place, you?ll learn to use algorithms and structure data. Finally, you?ll see how to bring people into what you?ve built through a useable UI and how UI and code relate.
=650  \0$aComputer science.
=650  \0$aComputer science$xStudy and teaching.
=650  \0$aSwift (Computer program language)
=650  \7$aCOMPUTERS$xComputer Literacy.$2bisacsh
=650  \7$aCOMPUTERS$xComputer Science.$2bisacsh
=650  \7$aCOMPUTERS$xData Processing.$2bisacsh
=650  \7$aCOMPUTERS$xHardware$xGeneral.$2bisacsh
=650  \7$aCOMPUTERS$xInformation Technology.$2bisacsh
=650  \7$aCOMPUTERS$xMachine Theory.$2bisacsh
=650  \7$aCOMPUTERS$xReference.$2bisacsh
=650  \7$aComputer science.$2fast$0(OCoLC)fst00872451
=650  \7$aComputer science$xStudy and teaching.$2fast$0(OCoLC)fst00872472
=650  \7$aSwift (Computer program language)$2fast$0(OCoLC)fst01922222
=655  \4$aElectronic books.
=710  2\$aOhio Library and Information Network
=776  08$iPrinted edition:$z9781484230657
=856  40$3Safari Books Online$zConnect to resource$uhttp://proquest.safaribooksonline.com/?uiCode=ohlink&xmlId=9781484230664
=856  40$3Safari Books Online$zConnect to resource (off-campus)$uhttp://proxy.ohiolink.edu:9099/login?url=http://proquest.safaribooksonline.com/?uiCode=ohlink&xmlId=9781484230664
=910  \\$asafari-2018-01

