=LDR  03885cam  2200553Ii 4500
=001  on1015372129
=003  OCoLC
=005  20180305031522.0
=006  m\\\\\o\\d\\\\\\\\
=007  cr\cnu---unuuu
=008  171215s2018\\\\cau\\\\\o\\\\\001\0\eng\d
=040  \\$aN$T$beng$erda$epn$cN$T$dGW5XE$dN$T$dOCLCF$dUAB$dUMI$dAZU$dUPM$dSTF$dCOO$dOCLCQ$dOH1
=019  \\$a1019901994$a1021194177
=020  \\$a9781484231081$q(electronic bk.)
=020  \\$a1484231082$q(electronic bk.)
=020  \\$z9781484231074$q(print)
=024  7\$a10.1007/978-1-4842-3108-1$2doi
=029  1\$aAU@$b000061389611
=029  1\$aGBVCP$b101493608X
=035  \\$a(OCoLC)1015372129$z(OCoLC)1019901994$z(OCoLC)1021194177
=037  \\$aCL0500000931$bSafari Books Online
=050  \4$aQA76.73.S28
=072  \7$aCOM$x051280$2bisacsh
=082  04$a005.13/3$223
=049  \\$aOH1A
=100  1\$aWeston, Toby,$eauthor.
=245  10$aScala for Java developers :$cToby Weston.$h[electronic resource]
=264  \1$a[Berkeley, CA] :$bApress,$c2018.
=300  \\$a1 online resource
=336  \\$atext$btxt$2rdacontent
=337  \\$acomputer$bc$2rdamedia
=338  \\$aonline resource$bcr$2rdacarrier
=347  \\$atext file$bPDF$2rda
=506  \\$aAvailable to OhioLINK libraries
=588  0\$aOnline resource; title from PDF title page (EBSCO, viewed December 28, 2017).
=500  \\$aIncludes index.
=505  0\$aI. Scala Tour -- 1. The Scala Language -- 2. Installing Scala -- 3. Some Basic Syntax -- 4. Scala?s Class Hierarchy -- 5. ScalaDoc -- 6. Language Features -- II. Key Syntactical Differences -- 7. Classes and Fields -- 8. Classes and Objects -- 9. Classes and Functions -- 10. Inheritance -- 11. Control Structures -- 12. Generics -- III. Beyond Java to Scala -- 13. Faking Function Calls -- 14. Faking Language Constructs -- 15. Pattern Matching -- 16. Map and FlatMap -- 17. Monads -- 18. For Comprehensions -- IV. Adopting Scala in Java Teams -- 19. Adopting Scala -- 20. What to Expect -- 21. Tips -- 22. Convert Your Codebase -- 23. Manage Your Codebase -- Appendix A. Code Listings -- Appendix B. Syntax Cheat Sheet.
=520  \\$aMaster the fundamentals of Scala and understand its emphasis on functional programming that sets it apart from Java. This book will help you translate what you already know in Java to Scala to start your functional programming journey. Learn Scala is split into four parts: a tour of Scala, a comparison between Java and Scala, Scala-specific features and functional programming idioms, and finally a discussion about adopting Scala in existing Java teams and legacy projects. After reading and using this tutorial, you'll come away with the skills in Scala to kick-start your productivity with this growing popular language. You will: Tour Scala and learn the basic syntax, constructs, and how to use the REPL Translate Java syntax that you already know into Scala Learn what Scala offers over and above Java Become familiar with functional programming concepts and idioms Gain tips and advice useful when transitioning existing Java projects to Scala.
=650  \0$aScala (Computer program language)
=650  \0$aJavaScript (Computer program language)
=650  \7$aCOMPUTERS$xProgramming Languages$xJava.$2bisacsh
=650  \7$aJavaScript (Computer program language)$2fast$0(OCoLC)fst00982071
=650  \7$aScala (Computer program language)$2fast$0(OCoLC)fst01763491
=655  \4$aElectronic books.
=710  2\$aOhio Library and Information Network
=776  08$iPrinted edition:$z9781484231074
=856  40$3Safari Books Online$zConnect to resource$uhttp://proquest.safaribooksonline.com/?uiCode=ohlink&xmlId=9781484231081
=856  40$3Safari Books Online$zConnect to resource (off-campus)$uhttp://proxy.ohiolink.edu:9099/login?url=http://proquest.safaribooksonline.com/?uiCode=ohlink&xmlId=9781484231081
=910  \\$asafari-2018-01

