=LDR  03479cam  2200541Ii 4500
=001  on1015675013
=003  OCoLC
=005  20180305031522.0
=006  m\\\\\o\\d\\\\\\\\
=007  cr\cnu---unuuu
=008  171218s2018\\\\cau\\\\\o\\\\\001\0\eng\d
=040  \\$aN$T$beng$erda$epn$cN$T$dEBLCP$dGW5XE$dN$T$dYDX$dUAB$dUMI$dAZU$dUPM$dSTF$dCOO$dOCLCQ$dOH1
=019  \\$a1016405616$a1017625718$a1019901995$a1021200215
=020  \\$a9781484231111$q(electronic bk.)
=020  \\$a1484231112$q(electronic bk.)
=020  \\$z9781484231104$q(print)
=020  \\$z1484231104
=024  7\$a10.1007/978-1-4842-3111-1$2doi
=029  1\$aGBVCP$b1014936098
=035  \\$a(OCoLC)1015675013$z(OCoLC)1016405616$z(OCoLC)1017625718$z(OCoLC)1019901995$z(OCoLC)1021200215
=037  \\$aCL0500000931$bSafari Books Online
=050  \4$aTK5105.875.I6
=072  \7$aCOM$x000000$2bisacsh
=082  04$a006.7/8$223
=049  \\$aOH1A
=100  1\$aKhan, Rashid,$eauthor.
=245  10$aBuild better chatbots :$cRashid Khan, Anik Das.$h[electronic resource]
=264  \1$a[Berkeley, CA] :$bApress,$c2018.
=300  \\$a1 online resource
=336  \\$atext$btxt$2rdacontent
=337  \\$acomputer$bc$2rdamedia
=338  \\$aonline resource$bcr$2rdacarrier
=347  \\$atext file$bPDF$2rda
=506  \\$aAvailable to OhioLINK libraries
=588  0\$aOnline resource; title from PDF title page (EBSCO, viewed December 28, 2017).
=500  \\$aIncludes index.
=505  0\$aChapter 1: Introduction to Chatbot -- Chapter 2: Setting up the Developer Environment -- Chapter 3: Basics of Bot Building -- Chapter 4: Integrations to IFTT & IoT -- Chapter 5: Business & Monetization.
=520  \\$aLearn best practices for building bots by focusing on the technological implementation and UX in this practical book. You will cover key topics such as setting up a development environment for creating chatbots for multiple channels (Facebook Messenger, Skype, and KiK); building a chatbot (design to implementation); integrating to IFTT (If This Then That) and IoT (Internet of Things); carrying out analytics and metrics for chatbots; and most importantly monetizing models and business sense for chatbots. Build Better Chatbots is easy to follow with code snippets provided in the book and complete code open sourced and available to download. With Facebook opening up its Messenger platform for developers, followed by Microsoft opening up Skype for development, a new channel has emerged for brands to acquire, engage, and service customers on chat with chatbots. You will: Work with the bot development life cycle Master bot UX design Integrate into the bot ecosystem Maximize the business and monetization potential for bots.
=650  \0$aWeb applications$xDevelopment.
=650  \0$aOnline chat groups.
=650  \7$aCOMPUTERS$xGeneral.$2bisacsh
=655  \4$aElectronic books.
=700  1\$aDas, Anik,$eauthor.
=710  2\$aOhio Library and Information Network
=776  08$iPrint version:$aKhan, Rashid.$tBuild better chatbots.$d[Berkeley, CA] : Apress, 2018$z1484231104$z9781484231104$w(OCoLC)1001998656
=856  40$3Safari Books Online$zConnect to resource$uhttp://proquest.safaribooksonline.com/?uiCode=ohlink&xmlId=9781484231111
=856  40$3Safari Books Online$zConnect to resource (off-campus)$uhttp://proxy.ohiolink.edu:9099/login?url=http://proquest.safaribooksonline.com/?uiCode=ohlink&xmlId=9781484231111
=910  \\$asafari-2018-01

