=LDR  01690cam  2200409Ii 4500
=001  on1020288661
=003  OCoLC
=005  20180305031523.0
=006  m\\\\\o\\d\\\\\\\\
=007  cr\unu||||||||
=008  180124s2018\\\\xxua\\\\o\\\\\000\0\eng\d
=040  \\$aUMI$beng$erda$epn$cUMI$dSTF$dOH1
=029  1\$aGBVCP$b1014936101
=035  \\$a(OCoLC)1020288661
=037  \\$aCL0500000932$bSafari Books Online
=050  \4$aQA76.76.H94
=049  \\$aOH1A
=100  1\$aGrinberg, Alex,$eauthor.
=245  10$aXML and JSON recipes for SQL Server :$cAlex Grinberg.$h[electronic resource]
=264  \1$a[United States] :$bApress,$c[2018]
=264  \2$aNew York :$bDistributed to the book trade worldwide by Springer Science+Business Media New York
=264  \4$c©2018
=300  \\$a1 online resource (1 volume) :$billustrations
=336  \\$atext$btxt$2rdacontent
=337  \\$acomputer$bc$2rdamedia
=338  \\$aonline resource$bcr$2rdacarrier
=506  \\$aAvailable to OhioLINK libraries
=588  \\$aDescription based on online resource; title from cover (Safari, viewed January 23, 2018).
=630  00$aSQL server.
=650  \0$aXML (Document markup language)
=650  \0$aJSON (Document markup language)
=650  \0$aClient/server computing.
=655  \4$aElectronic books.
=710  2\$aOhio Library and Information Network
=856  40$3Safari Books Online$zConnect to resource$uhttp://proquest.safaribooksonline.com/?uiCode=ohlink&xmlId=9781484231173
=856  40$3Safari Books Online$zConnect to resource (off-campus)$uhttp://proxy.ohiolink.edu:9099/login?url=http://proquest.safaribooksonline.com/?uiCode=ohlink&xmlId=9781484231173
=910  \\$asafari-2018-01

