=LDR  03640cam  2200565Ii 4500
=001  on1015239900
=003  OCoLC
=005  20180305031523.0
=006  m\\\\\o\\d\\\\\\\\
=007  cr\cnu|||unuuu
=008  171212s2018\\\\xxua\\\\o\\\\\001\0\eng\d
=040  \\$aN$T$beng$erda$epn$cN$T$dGW5XE$dN$T$dYDX$dOCLCF$dUAB$dUMI$dAZU$dUPM$dSTF$dCOO$dOCLCQ$dOH1
=019  \\$a1015831754$a1019902054$a1021187864
=020  \\$a9781484231418$q(electronic bk.)
=020  \\$a1484231414$q(electronic bk.)
=020  \\$z9781484231401$q(print)
=020  \\$z1484231406
=024  7\$a10.1007/978-1-4842-3141-8$2doi
=029  1\$aAU@$b000061389527
=029  1\$aGBVCP$b1014936136
=035  \\$a(OCoLC)1015239900$z(OCoLC)1015831754$z(OCoLC)1019902054$z(OCoLC)1021187864
=037  \\$aCL0500000931$bSafari Books Online
=050  \4$aQA76.73.P98
=072  \7$aCOM$x051010$2bisacsh
=082  04$a005.13/3$223
=049  \\$aOH1A
=100  1\$aMishra, Raju Kumar,$eauthor.
=245  10$aPySpark recipes :$cRaju Kumar Mishra.$h[electronic resource]
=264  \1$a[United States] :$bApress,$c[2018]
=300  \\$a1 online resource :$billustrations
=336  \\$atext$btxt$2rdacontent
=337  \\$acomputer$bc$2rdamedia
=338  \\$aonline resource$bcr$2rdacarrier
=347  \\$atext file$bPDF$2rda
=500  \\$aIncludes index.
=506  \\$aAvailable to OhioLINK libraries
=588  0\$aOnline resource; title from PDF title page (SpringerLink, viewed December 20, 2017).
=505  0\$aChapter 1: The Era of Big Data, Hadoop, and Other Big Data Processing Frameworks -- Chapter 2: Installation -- Chapter 3: Introduction to Python and NumPy -- Chapter 4: Spark Architecture and Resilient Distributed Dataset -- Chapter 5: The Power of Pairs: Paired RDD -- Chapter 6: IO in PySpark -- Chapter 7: Optimizing PySpark and PySpark Streaming -- Chapter 8: PySparkSQL -- Chapter 9: PySpark MLlib and Linear Regression.
=520  \\$aQuickly find solutions to common programming problems encountered while processing big data. Content is presented in the popular problem-solution format. Look up the programming problem that you want to solve. Read the solution. Apply the solution directly in your own code. Problem solved! PySpark Recipes covers Hadoop and its shortcomings. The architecture of Spark, PySpark, and RDD are presented. You will learn to apply RDD to solve day-to-day big data problems. Python and NumPy are included and make it easy for new learners of PySpark to understand and adopt the model. What You Will Learn: Understand the advanced features of PySpark and SparkSQL Optimize your code Program SparkSQL with Python Use Spark Streaming and Spark MLlib with Python Perform graph analysis with GraphFrames.
=650  \0$aPython (Computer program language)
=650  \0$aSPARK (Computer program language)
=650  \7$aCOMPUTERS$xProgramming Languages$xGeneral.$2bisacsh
=650  \7$aPython (Computer program language)$2fast$0(OCoLC)fst01084736
=650  \7$aSPARK (Computer program language)$2fast$0(OCoLC)fst01922197
=655  \4$aElectronic books.
=710  2\$aOhio Library and Information Network
=776  08$iPrint version:$aMishra, Raju Kumar.$tPySpark recipes.$d[United States] : Apress, [2018]$z1484231406$z9781484231401$w(OCoLC)1004042658
=856  40$3Safari Books Online$zConnect to resource$uhttp://proquest.safaribooksonline.com/?uiCode=ohlink&xmlId=9781484231418
=856  40$3Safari Books Online$zConnect to resource (off-campus)$uhttp://proxy.ohiolink.edu:9099/login?url=http://proquest.safaribooksonline.com/?uiCode=ohlink&xmlId=9781484231418
=910  \\$asafari-2018-01

