=LDR  03555cam  2200565Ii 4500
=001  on1015215326
=003  OCoLC
=005  20180305031523.0
=006  m\\\\\o\\d\\\\\\\\
=007  cr\cnu|||unuuu
=008  171211s2018\\\\nyu\\\\\ob\\\\001\0\eng\d
=040  \\$aN$T$beng$erda$epn$cN$T$dN$T$dEBLCP$dGW5XE$dOCLCF$dUAB$dUMI$dAZU$dUPM$dSTF$dCOO$dOCLCQ$dAJB$dOH1
=019  \\$a1020288502$a1021197509
=020  \\$a9781484232040$q(electronic bk.)
=020  \\$a1484232046$q(electronic bk.)
=020  \\$z9781484232033
=024  7\$a10.1007/978-1-4842-3204-0$2doi
=029  1\$aGBVCP$b1014936160
=035  \\$a(OCoLC)1015215326$z(OCoLC)1020288502$z(OCoLC)1021197509
=037  \\$aCL0500000932$bSafari Books Online
=050  \4$aQA76.73.P98
=072  \7$aCOM$x051360$2bisacsh
=082  04$a005.13/3$223
=049  \\$aOH1A
=100  1\$aNagar, Sandeep,$eauthor.
=245  10$aIntroduction to Python for engineers and scientists :$cSandeep Nagar.$h[electronic resource]
=264  \1$a[New York] :$bApress,$c[2018]
=300  \\$a1 online resource
=336  \\$atext$btxt$2rdacontent
=337  \\$acomputer$bc$2rdamedia
=338  \\$aonline resource$bcr$2rdacarrier
=347  \\$atext file$bPDF$2rda
=504  \\$aIncludes bibliographical references and index.
=506  \\$aAvailable to OhioLINK libraries
=588  0\$aOnline resource; title from PDF title page (EBSCO, viewed December, 14, 2017).
=505  0\$a1. Philosophy of Python -- 2. Introduction to the Basics of Python -- 3. Ipython -- 4. Data Types -- 5. Operators -- 6. Arrays -- 7. Plotting -- 8. Functions and Loops -- 9. Object-Oriented Programming -- 10. Numerical Computing Formalism.
=520  \\$aFamiliarize yourself with the basics of Python for engineering and scientific computations using this concise, practical tutorial that is focused on writing code to learn concepts. Introduction to Python is useful for industry engineers, researchers, and students who are looking for open-source solutions for numerical computation. In this book you will learn by doing, avoiding technical jargon, which makes the concepts easy to learn. First you'll see how to run basic calculations, absorbing technical complexities incrementally as you progress toward advanced topics. Throughout, the language is kept simple to ensure that readers at all levels can grasp the concepts. You will: Understand the fundamentals of the Python programming language Apply Python to numerical computational programming projects in engineering and science Discover the Pythonic way of life Apply data types, operators, and arrays Carry out plotting for visualization Work with functions and loops.
=650  \0$aPython (Computer program language)
=650  \0$aComputer programming.
=650  \0$aOpen source software.
=650  \7$aCOMPUTERS$xProgramming Languages$xPython.$2bisacsh
=650  \7$aComputer programming.$2fast$0(OCoLC)fst00872390
=650  \7$aOpen source software.$2fast$0(OCoLC)fst01046097
=650  \7$aPython (Computer program language)$2fast$0(OCoLC)fst01084736
=655  \4$aElectronic books.
=710  2\$aOhio Library and Information Network
=776  08$iPrinted edition:$z9781484232033
=856  40$3Safari Books Online$zConnect to resource$uhttp://proquest.safaribooksonline.com/?uiCode=ohlink&xmlId=9781484232040
=856  40$3Safari Books Online$zConnect to resource (off-campus)$uhttp://proxy.ohiolink.edu:9099/login?url=http://proquest.safaribooksonline.com/?uiCode=ohlink&xmlId=9781484232040
=910  \\$asafari-2018-01

