=LDR  01757cam  2200445Ii 4500
=001  on1019902055
=003  OCoLC
=005  20180305031523.0
=006  m\\\\\o\\d\\\\\\\\
=007  cr\unu||||||||
=008  180119s2018\\\\nyua\\\\o\\\\\001\0\eng\d
=040  \\$aUMI$beng$erda$epn$cUMI$dUMI$dSTF$dOCLCF$dOH1
=020  \\$z9781484232095
=020  \\$a9781484232101
=020  \\$a1484232100
=029  1\$aGBVCP$b1014936187
=035  \\$a(OCoLC)1019902055
=037  \\$aCL0500000931$bSafari Books Online
=050  \4$aT58.6
=049  \\$aOH1A
=100  1\$aAspin, Adam,$eauthor.
=245  10$aPro Power BI desktop :$cAdam Aspin.$h[electronic resource]
=246  3\$aPro Power business intelligence desktop
=250  \\$aSecond edition.
=264  \1$a[New York, New York] :$bApress,$c[2018]
=264  \4$c©2018
=300  \\$a1 online resource (1 volume) :$billustrations
=336  \\$atext$btxt$2rdacontent
=337  \\$acomputer$bc$2rdamedia
=338  \\$aonline resource$bcr$2rdacarrier
=506  \\$aAvailable to OhioLINK libraries
=588  \\$aDescription based on online resource; title from cover (viewed January 18, 2018).
=500  \\$aIncludes index.
=650  \0$aManagement information systems.
=650  \7$aManagement information systems.$2fast$0(OCoLC)fst01007271
=655  \4$aElectronic books.
=710  2\$aOhio Library and Information Network
=856  40$3Safari Books Online$zConnect to resource$uhttp://proquest.safaribooksonline.com/?uiCode=ohlink&xmlId=9781484232101
=856  40$3Safari Books Online$zConnect to resource (off-campus)$uhttp://proxy.ohiolink.edu:9099/login?url=http://proquest.safaribooksonline.com/?uiCode=ohlink&xmlId=9781484232101
=910  \\$asafari-2018-01

