=LDR  03602cam  2200553Ii 4500
=001  on1015335601
=003  OCoLC
=005  20180305031523.0
=006  m\\\\\o\\d\\\\\\\\
=007  cr\cnu|||unuuu
=008  171214s2018\\\\xxu\\\\\o\\\\\001\0\eng\d
=040  \\$aN$T$beng$erda$epn$cN$T$dN$T$dGW5XE$dYDX$dOCLCF$dUAB$dUMI$dAZU$dUPM$dSTF$dCOO$dOCLCQ$dOH1
=019  \\$a1015852843$a1019901996$a1021196997
=020  \\$a9781484232378$q(electronic bk.)
=020  \\$a1484232372$q(electronic bk.)
=020  \\$z9781484232361$q(print)
=020  \\$z1484232364
=024  7\$a10.1007/978-1-4842-3237-8$2doi
=029  1\$aGBVCP$b1014936195
=035  \\$a(OCoLC)1015335601$z(OCoLC)1015852843$z(OCoLC)1019901996$z(OCoLC)1021196997
=037  \\$aCL0500000931$bSafari Books Online
=050  \4$aQA76.73.P98
=072  \7$aCOM$x051360$2bisacsh
=082  04$a005.13/3$223
=049  \\$aOH1A
=100  1\$aDriscoll, Mike,$eauthor.
=245  10$aWxPython recipes :$cMike Driscoll.$h[electronic resource]
=264  \1$a[United States] :$bApress,$c2018.
=264  \2$aNew York, NY :$bDistributed to the Book trade worldwide by Springer
=264  \4$c©2018
=300  \\$a1 online resource
=336  \\$atext$btxt$2rdacontent
=337  \\$acomputer$bc$2rdamedia
=338  \\$aonline resource$bcr$2rdacarrier
=347  \\$atext file$bPDF$2rda
=500  \\$aIncludes index.
=506  \\$aAvailable to OhioLINK libraries
=588  0\$aOnline resource; title from PDF title page (Ebsco, viewed December 21, 2017).
=505  0\$a1. Introduction -- 2. Working with Images -- 3. Special Effects -- 4. The Publish-Subscribe Pattern -- 5. Wizard Recipes -- 6. Creating Simple Widgets -- 7. Using Config Files -- 8. Working with Events -- 9. Drag and Drop -- 10. Working with Frames -- 11. wxPython and the System Tray -- 12. Fun with Panels -- 13. Using Objects in Widgets -- 14. XML and XRC -- 15. Working with Sizers -- 16. Threads and Timers -- 17. Redirecting Text -- 18. Grid Recipes -- 19. Working with Your Application -- 20. Bonus Recipes.
=520  \\$aQuickly discover solutions to common problems, learn best practices, and understand everything wxPython has to offer. This book is for anyone wanting to learn more about how to use the wxPython desktop GUI toolkit. It assumes some prior knowledge of Python and a general understanding of wxPython or GUI development, and contains more than 50 recipes covering various tasks and aspects of the toolkit. wxPython Recipes guides you step by step. The book takes you through how to create user interfaces in Python, including adding widgets, changing background images, manipulating dialogs, managing data, and much more. Examples target both Python 2.x and 3.x, and cover both wxPython 3.0 and Phoenix, offering a complete collection of ideas to improve your GUI development.
=650  \0$aPython (Computer program language)
=650  \7$aCOMPUTERS$xProgramming Languages$xPython.$2bisacsh
=650  \7$aPython (Computer program language)$2fast$0(OCoLC)fst01084736
=655  \4$aElectronic books.
=710  2\$aOhio Library and Information Network
=776  08$iPrint version:$aDriscoll, Mike.$tWxPython recipes.$d[United States] : Apress, 2018$z1484232364$z9781484232361$w(OCoLC)1006312325
=856  40$3Safari Books Online$zConnect to resource$uhttp://proquest.safaribooksonline.com/?uiCode=ohlink&xmlId=9781484232378
=856  40$3Safari Books Online$zConnect to resource (off-campus)$uhttp://proxy.ohiolink.edu:9099/login?url=http://proquest.safaribooksonline.com/?uiCode=ohlink&xmlId=9781484232378
=910  \\$asafari-2018-01

