=LDR  04316cam  2200601Ii 4500
=001  on1015239850
=003  OCoLC
=005  20180305031523.0
=006  m\\\\\o\\d\\\\\\\\
=007  cr\cnu|||unuuu
=008  171212s2018\\\\xxu\\\\\o\\\\\001\0\eng\d
=040  \\$aN$T$beng$erda$epn$cN$T$dGW5XE$dN$T$dYDX$dOCLCF$dUAB$dUMI$dAZU$dUPM$dSTF$dCOO$dOCLCQ$dOH1
=019  \\$a1015794671$a1020288748$a1021188004
=020  \\$a9781484232439$q(electronic bk.)
=020  \\$a1484232437$q(electronic bk.)
=020  \\$z9781484232422$q(print)
=020  \\$z1484232429
=024  7\$a10.1007/978-1-4842-3243-9$2doi
=029  1\$aGBVCP$b1014936209
=035  \\$a(OCoLC)1015239850$z(OCoLC)1015794671$z(OCoLC)1020288748$z(OCoLC)1021188004
=037  \\$aCL0500000932$bSafari Books Online
=050  \4$aQA76.9.D3
=072  \7$aCOM$x021000$2bisacsh
=082  04$a005.74$223
=049  \\$aOH1A
=100  1\$aMalcher, Michelle,$eauthor.
=245  10$aDBA transformations :$cMichelle Malcher.$h[electronic resource]
=264  \1$a[United States] :$bApress,$c[2018]
=264  \2$aNew York, NY :$bDistributed to the Book trade worldwide by Springer
=264  \4$c©2018
=300  \\$a1 online resource
=336  \\$atext$btxt$2rdacontent
=337  \\$acomputer$bc$2rdamedia
=338  \\$aonline resource$bcr$2rdacarrier
=347  \\$atext file$bPDF$2rda
=500  \\$aIncludes index.
=506  \\$aAvailable to OhioLINK libraries
=588  0\$aOnline resource; title from PDF title page (SpringerLink, viewed December 20, 2017).
=505  0\$a1. Types of DBAs -- 2. The Set of Skills -- 3. The Future State of Databases -- 4. The Database Machine Administrator (DMA) -- 5. Cloud Database Administration -- 6. Database Security -- 7. Data Professionals -- 8. The Art of Automation -- 9. Change and Cloud Therapy -- 10. Creating a Transformation Plan.
=520  \\$6880-01$aAdapt your career as a database administrator to the changing industry. Learn where the growth and demand for DBA talent are occurring and how to enhance your skill set. Creating databases, providing access, and controlling data are no longer the focus. What matters now is managing and monitoring the systems that provide access to users of the data. This book will help you formulate a plan for development and change to remain valuable in the face of radical new developments around cloud computing, containerized databases, and automation of routine tasks. The playing field is shifting rapidly with the development of technologies and software enhancements that automate and even eliminate many traditional aspects of the DBA job. DBA Transformation helps you redirect your attention and skills as a DBA to areas such as design and development of the containers and cloud environments on which automation depends. You will be encouraged to build soft skills as well as to focus on technical pain points such as data security that are of even greater importance now that so much corporate data is in cloud-based systems that are accessible from the Internet at large. What You'll Learn: Embrace and profit from rapid shifts in the database industry Recognize where growth and demand for talent are occurring Create a personal transformation plan to help you navigate the changes Pivot your career toward more interesting skills and responsibilities.
=650  \0$aDatabase management.
=650  \0$aCloud computing.
=650  \0$aDatabase security.
=650  \7$aCOMPUTERS$xDatabases$xGeneral.$2bisacsh
=650  \7$aCloud computing.$2fast$0(OCoLC)fst01745899
=650  \7$aDatabase management.$2fast$0(OCoLC)fst00888037
=650  \7$aDatabase security.$2fast$0(OCoLC)fst00888063
=655  \4$aElectronic books.
=710  2\$aOhio Library and Information Network
=776  08$iPrint version:$aMalcher, Michelle.$tDBA transformations.$d[United States] : Apress, [2018]$z1484232429$z9781484232422$w(OCoLC)1006302669
=856  40$3Safari Books Online$zConnect to resource$uhttp://proquest.safaribooksonline.com/?uiCode=ohlink&xmlId=9781484232439
=856  40$3Safari Books Online$zConnect to resource (off-campus)$uhttp://proxy.ohiolink.edu:9099/login?url=http://proquest.safaribooksonline.com/?uiCode=ohlink&xmlId=9781484232439
=910  \\$asafari-2018-01

