=LDR  03363cam  2200577Ii 4500
=001  on1015215303
=003  OCoLC
=005  20180305031523.0
=006  m\\\\\o\\d\\\\\\\\
=007  cr\cnu---unuuu
=008  171211s2018\\\\cau\\\\\ob\\\\001\0\eng\d
=040  \\$aN$T$beng$erda$epn$cN$T$dN$T$dEBLCP$dGW5XE$dYDX$dUAB$dUMI$dAZU$dUPM$dSTF$dCOO$dOCLCQ$dOH1
=019  \\$a1015800042$a1019902049$a1021192953
=020  \\$a9781484232736$q(electronic bk.)
=020  \\$a1484232739$q(electronic bk.)
=020  \\$z9781484232729
=020  \\$z1484232720
=024  7\$a10.1007/978-1-4842-3273-6$2doi
=029  1\$aAU@$b000061389394
=029  1\$aGBVCP$b1014936225
=035  \\$a(OCoLC)1015215303$z(OCoLC)1015800042$z(OCoLC)1019902049$z(OCoLC)1021192953
=037  \\$aCL0500000931$bSafari Books Online
=050  \4$aTJ223.P76
=072  \7$aTEC$x009000$2bisacsh
=082  04$a629.8/95$223
=049  \\$aOH1A
=100  1\$aSubero, Armtrong,$eauthor.
=245  10$aProgramming PIC microcontrollers with XC8 /$h[electronic resource]
=264  \1$a[Berkeley, CA] :$bApress,$c[2018]
=264  \4$c©2018
=300  \\$a1 online resource.
=336  \\$atext$btxt$2rdacontent
=337  \\$acomputer$bc$2rdamedia
=338  \\$aonline resource$bcr$2rdacarrier
=347  \\$atext file$bPDF$2rda
=490  1\$aTechnology in action
=506  \\$aAvailable to OhioLINK libraries
=588  0\$aOnline resource; title from PDF title page (EBSCO, viewed December 18, 2017).
=504  \\$aIncludes bibliographical references and index.
=520  \\$aLearn how to use microcontrollers without all the frills and math. This book uses a practical approach to show you how to develop embedded systems with 8 bit PIC microcontrollers using the XC8 compiler. It's your complete guide to understanding modern PIC microcontrollers. Are you tired of copying and pasting code into your embedded projects? Do you want to write your own code from scratch for microcontrollers and understand what your code is doing? Do you want to move beyond the Arduino? Then Programming PIC Microcontrollers with XC8 is for you! Written for those who want more than an Arduino, but less than the more complex microcontrollers on the market, PIC microcontrollers are the next logical step in your journey. You'll also see the advantage that MPLAB X offers by running on Windows, MAC and Linux environments. You don't need to be a command line expert to work with PIC microcontrollers, so you can focus less on setting up your environment and more on your application.
=650  \0$aMicrocontrollers.
=650  \0$aMicrocontrollers$xProgramming.
=650  \0$aProgrammable controllers.
=650  \7$aTECHNOLOGY & ENGINEERING$xEngineering (General)$2bisacsh
=655  \4$aElectronic books.
=710  2\$aOhio Library and Information Network
=776  08$iPrint version:$aSubero, Armtrong.$tProgramming PIC microcontrollers with XC8.$d[Berkeley, CA] : Apress, [2018]$z1484232720$z9781484232729$w(OCoLC)1005190485
=830  \0$aTechnology in action.
=856  40$3Safari Books Online$zConnect to resource$uhttp://proquest.safaribooksonline.com/?uiCode=ohlink&xmlId=9781484232736
=856  40$3Safari Books Online$zConnect to resource (off-campus)$uhttp://proxy.ohiolink.edu:9099/login?url=http://proquest.safaribooksonline.com/?uiCode=ohlink&xmlId=9781484232736
=910  \\$asafari-2018-01

