=LDR  01830cam  2200445Ii 4500
=001  on1018480477
=003  OCoLC
=005  20180305031523.0
=006  m\\\\\o\\d\\\\\\\\
=007  cr\unu||||||||
=008  180110s2018\\\\caua\\\\o\\\\\001\0\eng\d
=040  \\$aUMI$beng$erda$epn$cUMI$dMERER$dSTF$dOCLCF$dOCLCQ$dOH1
=020  \\$z9781491927281
=029  1\$aGBVCP$b1014936381
=035  \\$a(OCoLC)1018480477
=037  \\$aCL0500000925$bSafari Books Online
=050  \4$aQA76.73.R88
=049  \\$aOH1A
=100  1\$aBlandy, Jim,$eauthor.
=245  10$aProgramming Rust :$cJim Blandy and Jason Orendorff.$h[electronic resource]
=250  \\$aFirst edition.
=264  \1$aSebastopol, CA :$bO'Reilly Media,$c[2018]
=264  \4$c©2018
=300  \\$a1 online resource (1 volume) :$billustrations
=336  \\$atext$btxt$2rdacontent
=337  \\$acomputer$bc$2rdamedia
=338  \\$aonline resource$bcr$2rdacarrier
=506  \\$aAvailable to OhioLINK libraries
=588  \\$aDescription based on online resource; title from title page (Safari, viewed January 5, 2018).
=500  \\$aIncludes index.
=650  \0$aProgramming languages (Electronic computers)
=650  \0$aComputer programming.
=650  \7$aComputer programming.$2fast$0(OCoLC)fst00872390
=650  \7$aProgramming languages (Electronic computers)$2fast$0(OCoLC)fst01078704
=655  \4$aElectronic books.
=700  1\$aOrendorff, Jason,$eauthor.
=710  2\$aOhio Library and Information Network
=856  40$3Safari Books Online$zConnect to resource$uhttp://proquest.safaribooksonline.com/?uiCode=ohlink&xmlId=9781491927274
=856  40$3Safari Books Online$zConnect to resource (off-campus)$uhttp://proxy.ohiolink.edu:9099/login?url=http://proquest.safaribooksonline.com/?uiCode=ohlink&xmlId=9781491927274
=910  \\$asafari-2018-01

