=LDR  01840cam  2200445Ii 4500
=001  on1018480478
=003  OCoLC
=005  20180305031523.0
=006  m\\\\\o\\d\\\\\\\\
=007  cr\unu||||||||
=008  180110s2018\\\\caua\\\\ob\\\\001\0\eng\d
=040  \\$aUMI$beng$erda$epn$cUMI$dMERER$dSTF$dOCLCF$dOCLCQ$dOH1
=020  \\$z9781491928462
=029  1\$aGBVCP$b1014936489
=035  \\$a(OCoLC)1018480478
=037  \\$aCL0500000925$bSafari Books Online
=050  \4$aQA76.9.I52
=049  \\$aOH1A
=100  1\$aFisher, Danyel,$eauthor.
=245  10$aMaking data visual :$cDanyel Fisher and Miriah Meyer.$h[electronic resource]
=250  \\$aFirst edition.
=264  \1$aSebastopol, CA :$bO'Reilly Media,$c[2018]
=264  \4$c©2018
=300  \\$a1 online resource (1 volume) :$billustrations
=336  \\$atext$btxt$2rdacontent
=337  \\$acomputer$bc$2rdamedia
=338  \\$aonline resource$bcr$2rdacarrier
=506  \\$aAvailable to OhioLINK libraries
=588  \\$aDescription based on online resource; title from title page (Safari, viewed January 5, 2018).
=504  \\$aIncludes bibliographical references and index.
=650  \0$aInformation visualization.
=650  \0$aVisual analytics.
=650  \7$aInformation visualization.$2fast$0(OCoLC)fst00973185
=650  \7$aVisual analytics.$2fast$0(OCoLC)fst01743387
=655  \4$aElectronic books.
=700  1\$aMeyer, Miriah,$eauthor.
=710  2\$aOhio Library and Information Network
=856  40$3Safari Books Online$zConnect to resource$uhttp://proquest.safaribooksonline.com/?uiCode=ohlink&xmlId=9781491960493
=856  40$3Safari Books Online$zConnect to resource (off-campus)$uhttp://proxy.ohiolink.edu:9099/login?url=http://proquest.safaribooksonline.com/?uiCode=ohlink&xmlId=9781491960493
=910  \\$asafari-2018-01

