=LDR  02957cam  2200709Ii 4500
=001  on1015372122
=003  OCoLC
=005  20180305031523.0
=006  m\\\\\o\\d\\\\\\\\
=007  cr\cnu|||unuuu
=008  171215s2018\\\\caua\\\\o\\\\\001\0\eng\d
=040  \\$aN$T$beng$erda$epn$cN$T$dN$T$dTEFOD$dOCLCF$dUMI$dMERER$dSTF$dCNO$dIDEBK$dOCLCQ$dOH1
=019  \\$a1017738621
=020  \\$a9781491974537$q(electronic bk.)
=020  \\$a1491974532$q(electronic bk.)
=020  \\$a9781491974513$q(electronic bk.)
=020  \\$a1491974516$q(electronic bk.)
=020  \\$z9781491974568
=029  1\$aGBVCP$b1014936551
=035  \\$a(OCoLC)1015372122$z(OCoLC)1017738621
=037  \\$a66F6568C-292B-4738-BB9D-0BFCB109A75B$bOverDrive, Inc.$nhttp://www.overdrive.com
=050  \4$aQA76.54$b.L35 2018eb
=072  \7$aCOM$x013000$2bisacsh
=072  \7$aCOM$x014000$2bisacsh
=072  \7$aCOM$x018000$2bisacsh
=072  \7$aCOM$x067000$2bisacsh
=072  \7$aCOM$x032000$2bisacsh
=072  \7$aCOM$x037000$2bisacsh
=072  \7$aCOM$x052000$2bisacsh
=082  04$a004.33$223
=049  \\$aOH1A
=100  1\$aLakshmanan, Valliappa,$eauthor.
=245  10$aData science on the Google cloud platform :$cValliappa Lakshmanan.$h[electronic resource]
=250  \\$aFirst edition.
=264  \1$aSebastopol, CA :$bO'Reilly Media,$c2018.
=300  \\$a1 online resource (xiv, 393 pages) :$billustrations.
=336  \\$atext$btxt$2rdacontent
=337  \\$acomputer$bc$2rdamedia
=338  \\$aonline resource$bcr$2rdacarrier
=500  \\$aIncludes index.
=506  \\$aAvailable to OhioLINK libraries
=588  0\$aOnline resource; title from PDF title page (EBSCO, viewed December 20, 2017).
=610  20$aGoogle (Firm)
=610  27$aGoogle (Firm)$2fast$0(OCoLC)fst00759798
=650  \0$aReal-time data processing.
=650  \0$aCloud computing.
=650  \0$aComputing platforms.
=650  \7$aCOMPUTERS / Computer Literacy.$2bisacsh
=650  \7$aCOMPUTERS / Computer Science.$2bisacsh
=650  \7$aCOMPUTERS / Data Processing.$2bisacsh
=650  \7$aCOMPUTERS / Hardware / General.$2bisacsh
=650  \7$aCOMPUTERS / Information Technology.$2bisacsh
=650  \7$aCOMPUTERS / Machine Theory.$2bisacsh
=650  \7$aCOMPUTERS / Reference.$2bisacsh
=650  \7$aCloud computing.$2fast$0(OCoLC)fst01745899
=650  \7$aComputing platforms.$2fast$0(OCoLC)fst01893329
=650  \7$aReal-time data processing.$2fast$0(OCoLC)fst01091219
=655  \4$aElectronic books.
=710  2\$aOhio Library and Information Network
=856  40$3Safari Books Online$zConnect to resource$uhttp://proquest.safaribooksonline.com/?uiCode=ohlink&xmlId=9781491974551
=856  40$3Safari Books Online$zConnect to resource (off-campus)$uhttp://proxy.ohiolink.edu:9099/login?url=http://proquest.safaribooksonline.com/?uiCode=ohlink&xmlId=9781491974551
=910  \\$asafari-2018-01

