=LDR  01828cam  2200445Ii 4500
=001  on1018312754
=003  OCoLC
=005  20180305031523.0
=006  m\\\\\o\\d\\\\\\\\
=007  cr\unu||||||||
=008  180108s2018\\\\caua\\\\o\\\\\001\0\eng\d
=040  \\$aUMI$beng$erda$epn$cUMI$dMERER$dTOH$dSTF$dOCLCF$dOCLCQ$dOH1
=020  \\$z9781491981818
=029  1\$aGBVCP$b1014936578
=035  \\$a(OCoLC)1018312754
=037  \\$aCL0500000924$bSafari Books Online
=050  \4$aQA76.76.A65
=049  \\$aOH1A
=100  1\$aBeer, Brent,$eauthor.
=245  10$aIntroducing GitHub :$cBrent Beer.$h[electronic resource]
=264  \1$aSebastopol, CA :$bO'Reilly Media,$c[2018]
=264  \4$c©2018
=300  \\$a1 online resource (1 volume) :$billustrations
=336  \\$atext$btxt$2rdacontent
=337  \\$acomputer$bc$2rdamedia
=338  \\$aonline resource$bcr$2rdacarrier
=506  \\$aAvailable to OhioLINK libraries
=588  \\$aDescription based on online resource; title from title page (viewed January 5, 2018).
=500  \\$aIncludes index.
=650  \0$aApplication software$xDevelopment.
=650  \0$aComputer software$xDevelopment.
=650  \0$aOpen source software.
=650  \7$aApplication software$xDevelopment.$2fast$0(OCoLC)fst00811707
=650  \7$aComputer software$xDevelopment.$2fast$0(OCoLC)fst00872537
=650  \7$aOpen source software.$2fast$0(OCoLC)fst01046097
=655  \4$aElectronic books.
=710  2\$aOhio Library and Information Network
=856  40$3Safari Books Online$zConnect to resource$uhttp://proquest.safaribooksonline.com/?uiCode=ohlink&xmlId=9781491981801
=856  40$3Safari Books Online$zConnect to resource (off-campus)$uhttp://proxy.ohiolink.edu:9099/login?url=http://proquest.safaribooksonline.com/?uiCode=ohlink&xmlId=9781491981801
=910  \\$asafari-2018-01

