=LDR  01777cam  2200421Ii 4500
=001  on1019685172
=003  OCoLC
=005  20180305031523.0
=006  m\\\\\o\\d\\\\\\\\
=007  cr\unu||||||||
=008  180115s2018\\\\caua\\\\o\\\\\000\0\eng\d
=040  \\$aUMI$beng$erda$epn$cUMI$dMERER$dSTF$dOCLCF$dOCLCQ$dOH1
=029  1\$aGBVCP$b1014936691
=035  \\$a(OCoLC)1019685172
=037  \\$aCL0500000928$bSafari Books Online
=050  \4$aQA76.73.J39
=049  \\$aOH1A
=100  1\$aRieseberg, Felix,$eauthor.
=245  10$aIntroducing Electron :$cFelix Rieseberg.$h[electronic resource]
=246  30$aDesktop apps with JavaScript
=250  \\$aFirst edition.
=264  \1$aSebastopol, CA :$bO'Reilly Media,$c[2018]
=264  \4$c©2018
=300  \\$a1 online resource (1 volume) :$billustrations
=336  \\$atext$btxt$2rdacontent
=337  \\$acomputer$bc$2rdamedia
=338  \\$aonline resource$bcr$2rdacarrier
=506  \\$aAvailable to OhioLINK libraries
=588  \\$aDescription based on online resource; title from title page (Safari, viewed January 11, 2018).
=650  \0$aJavaScript (Computer program language)
=650  \0$aApplication software$xDevelopment.
=650  \7$aApplication software$xDevelopment.$2fast$0(OCoLC)fst00811707
=650  \7$aJavaScript (Computer program language)$2fast$0(OCoLC)fst00982071
=655  \4$aElectronic books.
=710  2\$aOhio Library and Information Network
=856  40$3Safari Books Online$zConnect to resource$uhttp://proquest.safaribooksonline.com/?uiCode=ohlink&xmlId=9781491996041
=856  40$3Safari Books Online$zConnect to resource (off-campus)$uhttp://proxy.ohiolink.edu:9099/login?url=http://proquest.safaribooksonline.com/?uiCode=ohlink&xmlId=9781491996041
=910  \\$asafari-2018-01

