=LDR  01663cam  2200397Ii 4500
=001  on1015686912
=003  OCoLC
=005  20180305031523.0
=006  m\\\\\o\\d\\\\\\\\
=007  cr\unu||||||||
=008  171218t20172018caua\\\\o\\\\\000\0\eng\d
=040  \\$aUMI$beng$erda$epn$cUMI$dOCLCA$dMERER$dTOH$dSTF$dOCLCQ$dOH1
=020  \\$z9781491996973
=029  1\$aGBVCP$b1014936713
=035  \\$a(OCoLC)1015686912
=037  \\$aCL0500000920$bSafari Books Online
=050  \4$aQA76.9.A25
=049  \\$aOH1A
=100  1\$aPodjarny, Guy,$eauthor.
=245  10$aSecuring open source libraries :$cGuy Podjarny.$h[electronic resource]
=246  30$aManaging vulnerabilities in open source code packages
=264  \1$aSebastopol, CA :$bO'Reilly Media,$c2017.
=264  \4$c©2018
=300  \\$a1 online resource (1 volume) :$billustrations
=336  \\$atext$btxt$2rdacontent
=337  \\$acomputer$bc$2rdamedia
=338  \\$aonline resource$bcr$2rdacarrier
=506  \\$aAvailable to OhioLINK libraries
=588  \\$aDescription based on online resource; title from title page (Safari, viewed December 11, 2017).
=650  \0$aComputer security.
=650  \0$aInformation resources$xSecurity measures.
=655  \4$aElectronic books.
=710  2\$aOhio Library and Information Network
=856  40$3Safari Books Online$zConnect to resource$uhttp://proquest.safaribooksonline.com/?uiCode=ohlink&xmlId=9781491996980
=856  40$3Safari Books Online$zConnect to resource (off-campus)$uhttp://proxy.ohiolink.edu:9099/login?url=http://proquest.safaribooksonline.com/?uiCode=ohlink&xmlId=9781491996980
=910  \\$asafari-2018-01

