=LDR  01753cam  2200445Ii 4500
=001  on1017738623
=003  OCoLC
=005  20180305031523.0
=006  m\\\\\o\\d\\\\\\\\
=007  cr\unu||||||||
=008  180103s2017\\\\caua\\\\o\\\\\001\0\eng\d
=040  \\$aUMI$beng$erda$epn$cUMI$dMERER$dSTF$dIDEBK$dOCLCQ$dYDX$dOH1
=020  \\$z9781491999226
=029  1\$aGBVCP$b1014936721
=035  \\$a(OCoLC)1017738623
=037  \\$aCL0500000920$bSafari Books Online
=050  \4$aQA76.774.I67
=082  04$a005.2/58$223
=049  \\$aOH1A
=100  1\$aNeuburg, Matt.
=245  10$aProgramming iOS 11 /$h[electronic resource]
=250  \\$aEighth edition.
=264  \1$aSebastopol, CA :$bO'Reilly Media,$c2017.
=264  \4$c©2018
=300  \\$a1 online resource (1 volume) :$billustrations
=336  \\$atext$btxt$2rdacontent
=337  \\$acomputer$bc$2rdamedia
=338  \\$aonline resource$bcr$2rdacarrier
=506  \\$aAvailable to OhioLINK libraries
=588  \\$aDescription based on online resource; title from title page (Safari, viewed December 18, 2017).
=630  00$aiOS (Electronic resource)
=650  \0$aSwift (Computer program language)
=650  \0$aMobile computing$xProgramming.
=650  \0$aApplication software$xDevelopment.
=650  \7$aCOMPUTERS / Operating Systems / Apple (Mac OS & iOS)$2bisacsh
=655  \4$aElectronic books.
=710  2\$aOhio Library and Information Network
=856  40$3Safari Books Online$zConnect to resource$uhttp://proquest.safaribooksonline.com/?uiCode=ohlink&xmlId=9781491999219
=856  40$3Safari Books Online$zConnect to resource (off-campus)$uhttp://proxy.ohiolink.edu:9099/login?url=http://proquest.safaribooksonline.com/?uiCode=ohlink&xmlId=9781491999219
=910  \\$asafari-2018-01

