=LDR  02983cam  2200757Ii 4500
=001  on1015952245
=003  OCoLC
=005  20180305031523.0
=006  m\\\\\o\\d\\\\\\\\
=007  cr\cnu|||unuuu
=008  171220t20182018caua\\\\of\\\\001\0\eng\d
=040  \\$aN$T$beng$erda$epn$cN$T$dN$T$dTEFOD$dUMI$dSTF$dOCLCF$dMERER$dOH1
=019  \\$a1019826962
=020  \\$a9781491999929$q(electronic bk.)
=020  \\$a1491999926$q(electronic bk.)
=020  \\$a9781491999479$q(electronic bk.)
=020  \\$a1491999470$q(electronic bk.)
=020  \\$z9781491999509
=029  1\$aGBVCP$b1014936748
=035  \\$a(OCoLC)1015952245$z(OCoLC)1019826962
=037  \\$a18433868-314D-455B-9CB5-3597E77C09D9$bOverDrive, Inc.$nhttp://www.overdrive.com
=050  \4$aQA76.8.I64$bP64 2018
=072  \7$aCOM$x013000$2bisacsh
=072  \7$aCOM$x014000$2bisacsh
=072  \7$aCOM$x018000$2bisacsh
=072  \7$aCOM$x067000$2bisacsh
=072  \7$aCOM$x032000$2bisacsh
=072  \7$aCOM$x037000$2bisacsh
=072  \7$aCOM$x052000$2bisacsh
=082  04$a004.1675$223
=049  \\$aOH1A
=100  1\$aPogue, David,$d1963-$eauthor.
=245  10$aIPhone :$cby David Pogue.$h[electronic resource]
=250  \\$a11th edition.
=264  \1$aSebastopol, CA :$bO'Reilly Media, Inc.,$c[2018]
=264  \4$c©2018
=300  \\$a1 online resource.
=336  \\$atext$btxt$2rdacontent
=337  \\$acomputer$bc$2rdamedia
=338  \\$aonline resource$bcr$2rdacarrier
=490  1\$aThe missing manual
=500  \\$aIncludes index.
=506  \\$aAvailable to OhioLINK libraries
=588  0\$aVendor-supplied metadata.
=650  \0$aiPhone (Smartphone)$vHandbooks, manuals, etc.
=650  \0$aSmartphones$vHandbooks, manuals, etc.
=650  \0$aPocket computers$vHandbooks, manuals, etc.
=650  \0$aCell phones$vHandbooks, manuals, etc.
=650  \0$aMobile computing$vHandbooks, manuals, etc.
=650  \7$aCOMPUTERS / Computer Literacy.$2bisacsh
=650  \7$aCOMPUTERS / Computer Science.$2bisacsh
=650  \7$aCOMPUTERS / Data Processing.$2bisacsh
=650  \7$aCOMPUTERS / Hardware / General.$2bisacsh
=650  \7$aCOMPUTERS / Information Technology.$2bisacsh
=650  \7$aCOMPUTERS / Machine Theory.$2bisacsh
=650  \7$aCOMPUTERS / Reference.$2bisacsh
=650  \7$aiPhone (Smartphone)$2fast$0(OCoLC)fst01743856
=650  \7$aMobile computing.$2fast$0(OCoLC)fst01024221
=650  \7$aSmartphones.$2fast$0(OCoLC)fst01743652
=655  \4$aElectronic books.
=655  \7$aHandbooks and manuals.$2fast$0(OCoLC)fst01423877
=710  2\$aOhio Library and Information Network
=830  \0$aMissing manual.
=856  40$3Safari Books Online$zConnect to resource$uhttp://proquest.safaribooksonline.com/?uiCode=ohlink&xmlId=9781491999493
=856  40$3Safari Books Online$zConnect to resource (off-campus)$uhttp://proxy.ohiolink.edu:9099/login?url=http://proquest.safaribooksonline.com/?uiCode=ohlink&xmlId=9781491999493
=910  \\$asafari-2018-01

