=LDR  01716cam  2200409Ii 4500
=001  on1019708005
=003  OCoLC
=005  20180305031523.0
=006  m\\\\\o\\d\\\\\\\\
=007  cr\unu||||||||
=008  180116s2017\\\\cau\\\\\o\\\\\000\0\eng\d
=040  \\$aUMI$beng$erda$epn$cUMI$dMERER$dSTF$dOCLCF$dOCLCQ$dOH1
=029  1\$aGBVCP$b1014936802
=035  \\$a(OCoLC)1019708005
=037  \\$aCL0500000929$bSafari Books Online
=050  \4$aQA76.76.D47
=049  \\$aOH1A
=100  1\$aFreedman, Rick,$eauthor.
=245  10$aTransitioning to Agile :$cRick Freedman.$h[electronic resource]
=250  \\$aFirst edition.
=264  \1$aSebastopol, CA :$bO'Reilly Media,$c2017.
=264  \4$c©2018
=300  \\$a1 online resource (1 volume)
=336  \\$atext$btxt$2rdacontent
=337  \\$acomputer$bc$2rdamedia
=338  \\$aonline resource$bcr$2rdacarrier
=506  \\$aAvailable to OhioLINK libraries
=588  \\$aDescription based on online resource; title from title page (viewed January 11, 2018).
=650  \0$aAgile software development.
=650  \0$aProject management$xMethodology.
=650  \7$aAgile software development.$2fast$0(OCoLC)fst01743753
=650  \7$aProject management$xMethodology.$2fast$0(OCoLC)fst01941038
=655  \4$aElectronic books.
=710  2\$aOhio Library and Information Network
=856  40$3Safari Books Online$zConnect to resource$uhttp://proquest.safaribooksonline.com/?uiCode=ohlink&xmlId=9781492027720
=856  40$3Safari Books Online$zConnect to resource (off-campus)$uhttp://proxy.ohiolink.edu:9099/login?url=http://proquest.safaribooksonline.com/?uiCode=ohlink&xmlId=9781492027720
=910  \\$asafari-2018-01

