=LDR  01888cam  2200469Ii 4500
=001  on1019901825
=003  OCoLC
=005  20180305031523.0
=006  m\\\\\o\\d\\\\\\\\
=007  cr\unu||||||||
=008  180119s2018\\\\cau\\\\\ob\\\\000\0\eng\d
=040  \\$aUMI$beng$erda$epn$cUMI$dUMI$dSTF$dOCLCF$dMERER$dOH1
=020  \\$z9781492027973
=029  1\$aGBVCP$b1014936810
=035  \\$a(OCoLC)1019901825
=037  \\$aCL0500000931$bSafari Books Online
=050  \4$aHD31
=049  \\$aOH1A
=100  1\$aDahl, Jean,$eauthor.
=245  14$aThe making of an Agile leader :$cJean Dahl.$h[electronic resource]
=250  \\$aFirst edition.
=264  \1$aSebastopol, CA :$bO'Reilly Media,$c2018.
=300  \\$a1 online resource (1 volume)
=336  \\$atext$btxt$2rdacontent
=337  \\$acomputer$bc$2rdamedia
=338  \\$aonline resource$bcr$2rdacarrier
=506  \\$aAvailable to OhioLINK libraries
=588  \\$aDescription based on online resource; title from title page (viewed January 15, 2018).
=504  \\$aIncludes bibliographical references.
=650  \0$aIndustrial management.
=650  \0$aBusiness planning.
=650  \0$aAgile software development.
=650  \0$aLeadership.
=650  \7$aAgile software development.$2fast$0(OCoLC)fst01743753
=650  \7$aBusiness planning.$2fast$0(OCoLC)fst00842819
=650  \7$aIndustrial management.$2fast$0(OCoLC)fst00971246
=650  \7$aLeadership.$2fast$0(OCoLC)fst00994701
=655  \4$aElectronic books.
=710  2\$aOhio Library and Information Network
=856  40$3Safari Books Online$zConnect to resource$uhttp://proquest.safaribooksonline.com/?uiCode=ohlink&xmlId=9781492027980
=856  40$3Safari Books Online$zConnect to resource (off-campus)$uhttp://proxy.ohiolink.edu:9099/login?url=http://proquest.safaribooksonline.com/?uiCode=ohlink&xmlId=9781492027980
=910  \\$asafari-2018-01

