=LDR  02140cam  2200481Ii 4500
=001  on1018312755
=003  OCoLC
=005  20180305031523.0
=006  m\\\\\o\\d\\\\\\\\
=007  cr\unu||||||||
=008  180108s2018\\\\cau\\\\\o\\\\\000\0\eng\d
=040  \\$aUMI$beng$erda$epn$cUMI$dMERER$dTOH$dSTF$dOCLCF$dOCLCQ$dOH1
=020  \\$z9781492028901
=029  1\$aGBVCP$b1014936845
=035  \\$a(OCoLC)1018312755
=037  \\$aCL0500000924$bSafari Books Online
=050  \4$aQA76.76.R44
=049  \\$aOH1A
=100  1\$aLester, Brent,$eauthor.
=245  10$aContinuous integration vs. continuous delivery vs. continuous deployment :$cBrent Lester.$h[electronic resource]
=264  \1$aSebastopol, CA :$bO'Reilly Media,$c[2018]
=264  \4$c©2018
=300  \\$a1 online resource (1 volume)
=336  \\$atext$btxt$2rdacontent
=337  \\$acomputer$bc$2rdamedia
=338  \\$aonline resource$bcr$2rdacarrier
=506  \\$aAvailable to OhioLINK libraries
=588  \\$aDescription based on online resource; title from title page (viewed January 5, 2018).
=650  \0$aComputer software$xReliability.
=650  \0$aComputer software$xQuality control.
=650  \0$aComputer software$xTesting.
=650  \0$aSoftware maintenance.
=650  \0$aComputer software$xManagement.
=650  \7$aComputer software$xManagement.$2fast$0(OCoLC)fst00872572
=650  \7$aComputer software$xQuality control.$2fast$0(OCoLC)fst00872581
=650  \7$aComputer software$xReliability.$2fast$0(OCoLC)fst00872585
=650  \7$aComputer software$xTesting.$2fast$0(OCoLC)fst00872601
=650  \7$aSoftware maintenance.$2fast$0(OCoLC)fst01124202
=655  \4$aElectronic books.
=710  2\$aOhio Library and Information Network
=856  40$3Safari Books Online$zConnect to resource$uhttp://proquest.safaribooksonline.com/?uiCode=ohlink&xmlId=9781492028918
=856  40$3Safari Books Online$zConnect to resource (off-campus)$uhttp://proxy.ohiolink.edu:9099/login?url=http://proquest.safaribooksonline.com/?uiCode=ohlink&xmlId=9781492028918
=910  \\$asafari-2018-01

