=LDR  01799cam  2200445Ii 4500
=001  on1019685176
=003  OCoLC
=005  20180305031523.0
=006  m\\\\\o\\d\\\\\\\\
=007  cr\unu||||||||
=008  180115s2018\\\\caua\\\\o\\\\\000\0\eng\d
=040  \\$aUMI$beng$erda$epn$cUMI$dMERER$dSTF$dOCLCF$dOCLCQ$dOH1
=020  \\$z9781492029793
=029  1\$aGBVCP$b1014936934
=035  \\$a(OCoLC)1019685176
=037  \\$aCL0500000928$bSafari Books Online
=050  \4$aTK5105.888
=049  \\$aOH1A
=100  1\$aBarker, Tom,$d1977-$eauthor.
=245  10$aUnderstanding web performance /$h[electronic resource]
=250  \\$aFirst edition.
=264  \1$aSebastopol, CA :$bO'Reilly Media,$c[2018]
=264  \4$c©2018
=300  \\$a1 online resource (1 volume) :$billustrations
=336  \\$atext$btxt$2rdacontent
=337  \\$acomputer$bc$2rdamedia
=338  \\$aonline resource$bcr$2rdacarrier
=506  \\$aAvailable to OhioLINK libraries
=588  \\$aDescription based on online resource; title from title page (Safari, viewed January 11, 2018).
=650  \0$aWeb site development.
=650  \0$aInformation technology$xManagement.
=650  \0$aWeb sites$xDesign.
=650  \7$aInformation technology$xManagement.$2fast$0(OCoLC)fst00973112
=650  \7$aWeb site development.$2fast$0(OCoLC)fst01173243
=650  \7$aWeb sites$xDesign.$2fast$0(OCoLC)fst01173252
=655  \4$aElectronic books.
=710  2\$aOhio Library and Information Network
=856  40$3Safari Books Online$zConnect to resource$uhttp://proquest.safaribooksonline.com/?uiCode=ohlink&xmlId=9781492029809
=856  40$3Safari Books Online$zConnect to resource (off-campus)$uhttp://proxy.ohiolink.edu:9099/login?url=http://proquest.safaribooksonline.com/?uiCode=ohlink&xmlId=9781492029809
=910  \\$asafari-2018-01

