=LDR  01823cam  2200433Ii 4500
=001  on1018312757
=003  OCoLC
=005  20180305031523.0
=006  m\\\\\o\\d\\\\\\\\
=007  cr\unu||||||||
=008  180108s2016\\\\caua\\\\ob\\\\000\0\eng\d
=040  \\$aUMI$beng$erda$epn$cUMI$dUMI$dMERER$dTOH$dSTF$dOCLCQ$dOH1
=029  1\$aGBVCP$b1014936977
=035  \\$a(OCoLC)1018312757
=037  \\$aCL0500000924$bSafari Books Online
=050  \4$aQA76.774.I67
=049  \\$aOH1A
=100  1\$aVaish, Gaurav,$eauthor.
=245  10$aMemory management /$h[electronic resource]
=264  \1$a[Sebastopol, California] :$b[O'Reilly Media],$c[2016]
=300  \\$a1 online resource (1 volume) :$billustrations
=336  \\$atext$btxt$2rdacontent
=337  \\$acomputer$bc$2rdamedia
=338  \\$aonline resource$bcr$2rdacarrier
=506  \\$aAvailable to OhioLINK libraries
=588  \\$aDescription based on online resource; title from title page (viewed January 5, 2018).
=500  \\$a"From High performance iOS apps by Gaurav Vaish"--Cover.
=504  \\$aIncludes bibliographical references.
=630  00$aiOS (Electronic resource)
=650  \0$aMemory management (Computer science)
=650  \0$aMobile apps$xDevelopment.
=650  \0$aiPhone (Smartphone)
=650  \0$aiPad (Computer)
=655  \4$aElectronic books.
=710  2\$aOhio Library and Information Network
=773  08$iFrom:$aVaish, Gaurav.$tHigh performance iOS apps.$dSebastopol, CA : O'Reilly Media, Inc., 2016
=856  40$3Safari Books Online$zConnect to resource$uhttp://proquest.safaribooksonline.com/?uiCode=ohlink&xmlId=9781492030317
=856  40$3Safari Books Online$zConnect to resource (off-campus)$uhttp://proxy.ohiolink.edu:9099/login?url=http://proquest.safaribooksonline.com/?uiCode=ohlink&xmlId=9781492030317
=910  \\$asafari-2018-01

