=LDR  02014cam  2200481Ii 4500
=001  on1019685177
=003  OCoLC
=005  20180305031523.0
=006  m\\\\\o\\d\\\\\\\\
=007  cr\unu||||||||
=008  180115s2017\\\\xx\a\\\\o\\\\\000\0\eng\d
=040  \\$aUMI$beng$erda$epn$cUMI$dMERER$dUIU$dSTF$dOCLCQ$dOH1
=019  \\$a1019733879
=020  \\$z9781492030324
=020  \\$a9781492030331
=020  \\$a1492030333
=029  1\$aGBVCP$b1014936985
=035  \\$a(OCoLC)1019685177$z(OCoLC)1019733879
=037  \\$aCL0500000928$bSafari Books Online
=041  0\$aeng
=050  \4$aTK5105.888
=049  \\$aOH1A
=100  1\$aFirtman, Maximiliano R.,$eauthor.
=245  10$aMeasurement tools for high performance /$h[electronic resource]
=264  \1$a[Place of publication not identified] :$bO'Reilly,$c[2017]
=300  \\$a1 online resource (1 volume) :$billustrations
=336  \\$atext$btxt$2rdacontent
=337  \\$acomputer$bc$2rdamedia
=338  \\$aonline resource$bcr$2rdacarrier
=506  \\$aAvailable to OhioLINK libraries
=588  \\$aDescription based on online resource; title from title page (Safari, viewed January 11, 2018).
=500  \\$a"From High performance mobile Web by Maximiliano Firtman"--Cover.
=500  \\$aDate of publication from resource description page.
=500  \\$a"Lesson"--Cover.
=520  \\$aThis excerpt reviews the tools that are available to get real data from your mobile browsers.
=650  \0$aWeb sites$xDesign.
=650  \0$aMobile apps$xDesign.
=655  \4$aElectronic books.
=700  1\$aFirtman, Maximiliano R.$tHigh performance mobile Web.
=710  2\$aOhio Library and Information Network
=856  40$3Safari Books Online$zConnect to resource$uhttp://proquest.safaribooksonline.com/?uiCode=ohlink&xmlId=9781492030331
=856  40$3Safari Books Online$zConnect to resource (off-campus)$uhttp://proxy.ohiolink.edu:9099/login?url=http://proquest.safaribooksonline.com/?uiCode=ohlink&xmlId=9781492030331
=910  \\$asafari-2018-01

