=LDR  02555cam  2200529Ii 4500
=001  on1019685178
=003  OCoLC
=005  20180305031523.0
=006  m\\\\\o\\d\\\\\\\\
=007  cr\unu||||||||
=008  180115s2017\\\\xx\a\\\\o\\\\\000\0\eng\d
=040  \\$aUMI$beng$erda$epn$cUMI$dOCLCO$dMERER$dUIU$dOCLCF$dOCLCQ$dOH1
=019  \\$a1019734269
=020  \\$z9781492030362
=020  \\$a9781492030379
=020  \\$a1492030376
=029  1\$aGBVCP$b1014936993
=035  \\$a(OCoLC)1019685178$z(OCoLC)1019734269
=037  \\$aCL0500000928$bSafari Books Online
=041  0\$aeng
=050  \4$aTK5105.888
=049  \\$aOH1A
=100  1\$aBarker, Tom,$d1977-$eauthor.
=245  14$aThe frontend's high performance responsive design /$h[electronic resource]
=264  \1$a[Place of publication not identified] :$bO'Reilly,$c[2017]
=300  \\$a1 online resource (1 volume) :$billustrations
=336  \\$atext$btxt$2rdacontent
=337  \\$acomputer$bc$2rdamedia
=338  \\$aonline resource$bcr$2rdacarrier
=506  \\$aAvailable to OhioLINK libraries
=588  \\$aDescription based on online resource; title from title page (Safari, viewed January 11, 2018).
=500  \\$a"From High performance responsive design by Tom Barker"--Cover.
=500  \\$aDate of publication from resource description page.
=500  \\$a"Lesson"--Cover.
=520  \\$aYes, you can use responsive web design to create high performance, compelling websites. With this practical book, author Tom Barker demonstrates that responsive design is not just a frontend-only approach, but also a philosophy for taking advantage of the entire web stack. Responsive design patterns and anti-patterns, derived from heavily used real-world sites, are guiding principles throughout the book.
=650  \0$aWeb sites$xDesign.
=650  \0$aWeb site development.
=650  \0$aMobile computing.
=650  \7$aMobile computing.$2fast$0(OCoLC)fst01024221
=650  \7$aWeb site development.$2fast$0(OCoLC)fst01173243
=650  \7$aWeb sites$xDesign.$2fast$0(OCoLC)fst01173252
=655  \4$aElectronic books.
=700  1\$aBarker, Tom,$d1977-$tHigh performance responsive design.
=710  2\$aOhio Library and Information Network
=856  40$3Safari Books Online$zConnect to resource$uhttp://proquest.safaribooksonline.com/?uiCode=ohlink&xmlId=9781492030379
=856  40$3Safari Books Online$zConnect to resource (off-campus)$uhttp://proxy.ohiolink.edu:9099/login?url=http://proquest.safaribooksonline.com/?uiCode=ohlink&xmlId=9781492030379
=910  \\$asafari-2018-01

