=LDR  02490cam  2200517Ii 4500
=001  on1018480588
=003  OCoLC
=005  20180305031523.0
=006  m\\\\\o\\d\\\\\\\\
=007  cr\unu||||||||
=008  180110s2017\\\\xx\a\\\\o\\\\\000\0\eng\d
=040  \\$aUMI$beng$erda$epn$cUMI$dMERER$dUIU$dSTF$dOCLCF$dOCLCQ$dOH1
=019  \\$a1019733876
=020  \\$z9781492030386
=020  \\$a9781492030393
=020  \\$a1492030392
=029  1\$aGBVCP$b1014937000
=035  \\$a(OCoLC)1018480588$z(OCoLC)1019733876
=037  \\$aCL0500000925$bSafari Books Online
=041  0\$aeng
=050  \4$aTK5105.888
=049  \\$aOH1A
=100  1\$aHogan, Lara Callender,$eauthor.
=245  10$aOptimizing images /$h[electronic resource]
=264  \1$a[Place of publication not identified] :$bO'Reilly,$c[2017]
=300  \\$a1 online resource (1 volume) :$billustrations
=336  \\$atext$btxt$2rdacontent
=337  \\$acomputer$bc$2rdamedia
=338  \\$aonline resource$bcr$2rdacarrier
=506  \\$aAvailable to OhioLINK libraries
=588  \\$aDescription based on online resource; title from title page (Safari, viewed January 10, 2018).
=500  \\$a"From Designing for performance by Lara Callender Hogan"--Cover.
=500  \\$aDate of publication from resource description page.
=500  \\$a"Lesson"--Cover.
=520  \\$aUncover the best practices for use and optimization for each file type. Included in this excerpt are techniques to optimize the way images are loaded into web pages, such as spriting or replacing them with CSS or SVG. Lastly, we'll cover what you can do to increase the longevity of your optimized image solutions, including implementing style guides or automated workflows for image compression.
=650  \0$aWeb sites$xDesign.
=650  \0$aWeb site development.
=650  \7$aCascading style sheets.$2fast$0(OCoLC)fst00848144
=650  \7$aWeb site development.$2fast$0(OCoLC)fst01173243
=650  \7$aWeb sites$xDesign.$2fast$0(OCoLC)fst01173252
=655  \4$aElectronic books.
=700  1\$aHogan, Lara Callender.$tDesigning for performance.
=710  2\$aOhio Library and Information Network
=856  40$3Safari Books Online$zConnect to resource$uhttp://proquest.safaribooksonline.com/?uiCode=ohlink&xmlId=9781492030393
=856  40$3Safari Books Online$zConnect to resource (off-campus)$uhttp://proxy.ohiolink.edu:9099/login?url=http://proquest.safaribooksonline.com/?uiCode=ohlink&xmlId=9781492030393
=910  \\$asafari-2018-01

