=LDR  01953cam  2200433Ii 4500
=001  on1018312758
=003  OCoLC
=005  20180305031523.0
=006  m\\\\\o\\d\\\\\\\\
=007  cr\unu||||||||
=008  180108s2016\\\\caua\\\\o\\\\\000\0\eng\d
=040  \\$aUMI$beng$erda$epn$cUMI$dUMI$dMERER$dTOH$dSTF$dOCLCF$dOCLCQ$dOH1
=029  1\$aGBVCP$b1014937019
=035  \\$a(OCoLC)1018312758
=037  \\$aCL0500000924$bSafari Books Online
=050  \4$aTK5105.888
=049  \\$aOH1A
=100  1\$aBendell, Colin,$eauthor.
=245  10$aBrowser image loading /$h[electronic resource]
=264  \1$a[Sebastopol, California] :$b[O'Reilly Media],$c[2016]
=300  \\$a1 online resource (1 volume) :$billustrations
=336  \\$atext$btxt$2rdacontent
=337  \\$acomputer$bc$2rdamedia
=338  \\$aonline resource$bcr$2rdacarrier
=506  \\$aAvailable to OhioLINK libraries
=588  \\$aDescription based on online resource; title from title page (viewed January 5, 2018).
=500  \\$a"From High performance images by Colin Bendell, Tim Kadlec, Yoav Weiss, Guy Podjarny, Nick Doyle, & Mike McCall"--Cover.
=650  \0$aWeb site development.
=650  \0$aWeb sites$xDesign.
=650  \0$aInternet programming.
=650  \7$aInternet programming.$2fast$0(OCoLC)fst00977281
=650  \7$aWeb site development.$2fast$0(OCoLC)fst01173243
=650  \7$aWeb sites$xDesign.$2fast$0(OCoLC)fst01173252
=655  \4$aElectronic books.
=710  2\$aOhio Library and Information Network
=773  08$iFrom:$aBendell, Colin.$tHigh performance images.$dSebastopol, CA : O'Reilly Media, [2016]
=856  40$3Safari Books Online$zConnect to resource$uhttp://proquest.safaribooksonline.com/?uiCode=ohlink&xmlId=9781492030416
=856  40$3Safari Books Online$zConnect to resource (off-campus)$uhttp://proxy.ohiolink.edu:9099/login?url=http://proquest.safaribooksonline.com/?uiCode=ohlink&xmlId=9781492030416
=910  \\$asafari-2018-01

