=LDR  03198cam  2200505Ii 4500
=001  on1017990160
=003  OCoLC
=005  20180305031523.0
=006  m\\\\\o\\d\\\\\\\\
=007  cr\unu||||||||
=008  180105s2017\\\\xx\a\\\\ob\\\\000\0\eng\d
=040  \\$aUMI$beng$erda$epn$cUMI$dMERER$dTOH$dUIU$dSTF$dOCLCF$dOCLCQ$dOH1
=019  \\$a1019733431
=020  \\$z9781492030423
=020  \\$a9781492030430
=020  \\$a1492030430
=029  1\$aGBVCP$b1014937027
=035  \\$a(OCoLC)1017990160$z(OCoLC)1019733431
=037  \\$aCL0500000923$bSafari Books Online
=041  0\$aeng
=050  \4$aTK5105.888
=049  \\$aOH1A
=100  1\$aKing, Andrew B.,$eauthor.
=245  10$aConversion rate optimization /$h[electronic resource]
=264  \1$a[Place of publication not identified] :$bO'Reilly,$c[2017]
=300  \\$a1 online resource (1 volume) :$billustrations
=336  \\$atext$btxt$2rdacontent
=337  \\$acomputer$bc$2rdamedia
=338  \\$aonline resource$bcr$2rdacarrier
=506  \\$aAvailable to OhioLINK libraries
=588  \\$aDescription based on online resource; title from title page (Safari, viewed January 4, 2018).
=500  \\$aExcerpt from Website optimization by Andrew B. King.
=500  \\$aDate of publication from resource description page.
=504  \\$aIncludes bibliographical references.
=520  \\$aRemember when an optimized website was one that merely didn't take all day to appear? Times have changed. Today, website optimization can spell the difference between enterprise success and failure, and it takes a lot more know-how to achieve success. This book is a comprehensive guide to the tips, techniques, secrets, standards, and methods of website optimization. From increasing site traffic to maximizing leads, from revving up responsiveness to increasing navigability, from prospect retention to closing more sales, the world of 21st century website optimization is explored, exemplified and explained. Website Optimization combines the disciplines of online marketing and site performance tuning to attain the competitive advantage necessary on today's Web. You'll learn how to improve your online marketing with effective paid and natural search engine visibility strategies, strengthened lead creation and conversion to sales methods, and gold-standard ad copywriting guidelines. Plus, your increased site speed, reduced download footprint, improved reliability, and improved navigability will work synergistically with those marketing methods to optimize your site's total effectiveness.
=650  \0$aWeb sites$xDesign.
=650  \0$aElectronic commerce.
=650  \7$aConsumer behavior.$2fast$0(OCoLC)fst00876238
=650  \7$aMarketing.$2fast$0(OCoLC)fst01010167
=655  \4$aElectronic books.
=710  2\$aOhio Library and Information Network
=740  0\$aWebsite optimization.
=856  40$3Safari Books Online$zConnect to resource$uhttp://proquest.safaribooksonline.com/?uiCode=ohlink&xmlId=9781492030430
=856  40$3Safari Books Online$zConnect to resource (off-campus)$uhttp://proxy.ohiolink.edu:9099/login?url=http://proquest.safaribooksonline.com/?uiCode=ohlink&xmlId=9781492030430
=910  \\$asafari-2018-01

