=LDR  02495cam  2200529Ii 4500
=001  on1018480401
=003  OCoLC
=005  20180305031523.0
=006  m\\\\\o\\d\\\\\\\\
=007  cr\unu||||||||
=008  180110s2017\\\\xx\a\\\\o\\\\\000\0\eng\d
=040  \\$aUMI$beng$erda$epn$cUMI$dMERER$dUIU$dSTF$dOCLCF$dOCLCQ$dOH1
=019  \\$a1019733662
=020  \\$z9781492030461
=020  \\$a9781492030478
=020  \\$a1492030473
=029  1\$aGBVCP$b1014937035
=035  \\$a(OCoLC)1018480401$z(OCoLC)1019733662
=037  \\$aCL0500000925$bSafari Books Online
=041  0\$aeng
=050  \4$aTK5105.5
=049  \\$aOH1A
=100  1\$aGrigorik, Ilya,$eauthor.
=245  10$aHTTP protocols /$h[electronic resource]
=264  \1$a[Place of publication not identified] :$bO'Reilly,$c[2017]
=300  \\$a1 online resource (1 volume) :$billustrations
=336  \\$atext$btxt$2rdacontent
=337  \\$acomputer$bc$2rdamedia
=338  \\$aonline resource$bcr$2rdacarrier
=506  \\$aAvailable to OhioLINK libraries
=588  \\$aDescription based on online resource; title from title page (Safari, viewed January 10, 2018).
=500  \\$a"From High-performance browser networking by Ilya Grigorik"--Cover.
=500  \\$aDate of publication from resource description page.
=500  \\$a"Lesson"--Cover.
=520  \\$aPrepare yourself for building fast and efficient web applications. Take a brief historical tour of the evolution of the HTTP protocol. Understanding of the key design changes of HTTP, and the motivations behind each, will give us the necessary background for our discussions on HTTP performance, especially in the context of the many upcoming improvements in HTTP 2.0.
=650  \0$aHTTP (Computer network protocol)
=650  \0$aComputer networks.
=650  \0$aApplication software$xDevelopment.
=650  \0$aComputer network protocols.
=650  \7$aComputer network protocols.$2fast$0(OCoLC)fst00872279
=650  \7$aComputer networks.$2fast$0(OCoLC)fst00872297
=655  \4$aElectronic books.
=700  1\$aGrigorik, Ilya.$tHigh-performance browser networking.
=710  2\$aOhio Library and Information Network
=856  40$3Safari Books Online$zConnect to resource$uhttp://proquest.safaribooksonline.com/?uiCode=ohlink&xmlId=9781492030478
=856  40$3Safari Books Online$zConnect to resource (off-campus)$uhttp://proxy.ohiolink.edu:9099/login?url=http://proquest.safaribooksonline.com/?uiCode=ohlink&xmlId=9781492030478
=910  \\$asafari-2018-01

