=LDR  02515cam  2200541Ii 4500
=001  on1019129048
=003  OCoLC
=005  20180305031523.0
=006  m\\\\\o\\d\\\\\\\\
=007  cr\unu||||||||
=008  180111s2017\\\\cau\\\\\ob\\\\000\0\eng\d
=040  \\$aUMI$beng$erda$epn$cUMI$dUMI$dUIU$dMERER$dTOH$dSTF$dOCLCF$dOCLCQ$dOH1
=019  \\$a1019733489
=020  \\$z9781492030508
=020  \\$a9781492030515
=020  \\$a1492030511
=029  1\$aGBVCP$b1014937043
=035  \\$a(OCoLC)1019129048$z(OCoLC)1019733489
=037  \\$aCL0500000927$bSafari Books Online
=041  0\$aeng
=050  \4$aQA76.76.D47
=049  \\$aOH1A
=100  1\$aDavis, Jennifer,$eauthor.
=245  10$aDevOps defined /$h[electronic resource]
=264  \1$a[Sebastopol, California] :$b[O'Reilly Media],$c[2017]
=300  \\$a1 online resource (1 volume)
=336  \\$atext$btxt$2rdacontent
=337  \\$acomputer$bc$2rdamedia
=338  \\$aonline resource$bcr$2rdacarrier
=506  \\$aAvailable to OhioLINK libraries
=588  \\$aDescription based on online resource; title from title page (viewed January 10, 2018).
=500  \\$aDate of publication from resource description page (Safari, viewed January 10, 2018).
=504  \\$aIncludes bibliographical references.
=500  \\$a"From Effective DevOps by Jennifer Davis & Ryn Daniels"--Cover.
=520  \\$aWhat does a DevOps culture mean practically for your organization? Get a feel for what successful DevOps implementation looks like by learning real world definitions, anti-patterns to avoid, and the four essential elements of effective DevOps.
=650  \0$aSoftware architecture.
=650  \0$aComputer software$xDevelopment.
=650  \0$aOperating systems (Computers)
=650  \7$aComputer software$xDevelopment.$2fast$0(OCoLC)fst00872537
=650  \7$aOperating systems (Computers)$2fast$0(OCoLC)fst01046280
=650  \7$aSoftware architecture.$2fast$0(OCoLC)fst01200416
=655  \4$aElectronic books.
=700  1\$aDaniels, Ryn,$eauthor.
=710  2\$aOhio Library and Information Network
=773  0\$aDavis, Jennifer.$tEffective DevOps.$dSebastopol, CA : O'Reilly Media, 2016
=856  40$3Safari Books Online$zConnect to resource$uhttp://proquest.safaribooksonline.com/?uiCode=ohlink&xmlId=9781492030515
=856  40$3Safari Books Online$zConnect to resource (off-campus)$uhttp://proxy.ohiolink.edu:9099/login?url=http://proquest.safaribooksonline.com/?uiCode=ohlink&xmlId=9781492030515
=910  \\$asafari-2018-01

