=LDR  02453cam  2200577Ii 4500
=001  on1019685180
=003  OCoLC
=005  20180305031523.0
=006  m\\\\\o\\d\\\\\\\\
=007  cr\unu||||||||
=008  180115s2017\\\\xx\a\\\\ob\\\\000\0\eng\d
=040  \\$aUMI$beng$erda$epn$cUMI$dMERER$dUIU$dSTF$dOCLCF$dOCLCQ$dOH1
=019  \\$a1019732923
=020  \\$z9781492031116
=020  \\$a9781492031123
=020  \\$a1492031127
=029  1\$aGBVCP$b1014937086
=035  \\$a(OCoLC)1019685180$z(OCoLC)1019732923
=037  \\$aCL0500000928$bSafari Books Online
=041  0\$aeng
=050  \4$aTS173
=049  \\$aOH1A
=100  1\$aLewandowski, Piotr,$eauthor.
=245  10$aLoad balancing at the frontend /$h[electronic resource]
=264  \1$a[Place of publication not identified] :$bO'Reilly,$c[2017]
=300  \\$a1 online resource (1 volume) :$billustrations
=336  \\$atext$btxt$2rdacontent
=337  \\$acomputer$bc$2rdamedia
=338  \\$aonline resource$bcr$2rdacarrier
=506  \\$aAvailable to OhioLINK libraries
=588  \\$aDescription based on online resource; title from title page (Safari, viewed January 11, 2018).
=500  \\$a"From Site reliability engineering : excerpt by Piotr Lewandowski, edited by Sarah Chavis"--Cover.
=500  \\$aDate of publication from resource description page.
=500  \\$a"Lesson"--Cover.
=504  \\$aIncludes bibliographical references.
=520  \\$aLearn how Google balances user traffic between datacenters.
=650  \0$aReliability (Engineering)
=650  \0$aWeb sites$xDesign.
=650  \0$aWeb sites$xAccess control.
=650  \0$aComputer engineering.
=650  \7$aComputer engineering.$2fast$0(OCoLC)fst00872078
=650  \7$aReliability (Engineering)$2fast$0(OCoLC)fst01093646
=650  \7$aWeb sites$xAccess control.$2fast$0(OCoLC)fst01766542
=650  \7$aWeb sites$xDesign.$2fast$0(OCoLC)fst01173252
=655  \4$aElectronic books.
=700  1\$aChavis, Sarah,$eeditor.
=710  2\$aOhio Library and Information Network
=740  0\$aSite reliability engineering.
=856  40$3Safari Books Online$zConnect to resource$uhttp://proquest.safaribooksonline.com/?uiCode=ohlink&xmlId=9781492031123
=856  40$3Safari Books Online$zConnect to resource (off-campus)$uhttp://proxy.ohiolink.edu:9099/login?url=http://proquest.safaribooksonline.com/?uiCode=ohlink&xmlId=9781492031123
=910  \\$asafari-2018-01

