=LDR  02149cam  2200505Ii 4500
=001  on1019685181
=003  OCoLC
=005  20180305031523.0
=006  m\\\\\o\\d\\\\\\\\
=007  cr\unu||||||||
=008  180115s2017\\\\xx\a\\\\ob\\\\000\0\eng\d
=040  \\$aUMI$beng$erda$epn$cUMI$dMERER$dSTF$dOCLCF$dOCLCQ$dOH1
=029  1\$aGBVCP$b1014937094
=035  \\$a(OCoLC)1019685181
=037  \\$aCL0500000928$bSafari Books Online
=050  \4$aHF5415.153
=049  \\$aOH1A
=100  1\$aLowdermilk, Travis,$eauthor.
=245  10$aGathering customer data /$h[electronic resource]
=264  \1$a[Place of publication not identified] :$bO'Reilly,$c[2017]
=300  \\$a1 online resource (1 volume) :$billustrations
=336  \\$atext$btxt$2rdacontent
=337  \\$acomputer$bc$2rdamedia
=338  \\$aonline resource$bcr$2rdacarrier
=506  \\$aAvailable to OhioLINK libraries
=588  \\$aDescription based on online resource; title from title page (Safari, viewed January 11, 2018).
=500  \\$a"From The customer-driven playbook / by Travis Lowdermilk & Jessica Rich"--Cover.
=500  \\$aDate of publication from resource description page.
=500  \\$a"Lesson"--Cover.
=504  \\$aIncludes bibliographical references.
=650  \0$aConsumer satisfaction.
=650  \0$aCustomer relations.
=650  \0$aNew products.
=650  \0$aProduction management.
=650  \7$aConsumer satisfaction.$2fast$0(OCoLC)fst00876403
=650  \7$aCustomer relations.$2fast$0(OCoLC)fst00885533
=650  \7$aNew products.$2fast$0(OCoLC)fst01036889
=650  \7$aProduction management.$2fast$0(OCoLC)fst01078309
=655  \4$aElectronic books.
=700  1\$aRich, Jessica,$eauthor.
=710  2\$aOhio Library and Information Network
=740  0\$aCustomer-driven playbook.
=856  40$3Safari Books Online$zConnect to resource$uhttp://proquest.safaribooksonline.com/?uiCode=ohlink&xmlId=9781492031185
=856  40$3Safari Books Online$zConnect to resource (off-campus)$uhttp://proxy.ohiolink.edu:9099/login?url=http://proquest.safaribooksonline.com/?uiCode=ohlink&xmlId=9781492031185
=910  \\$asafari-2018-01

