=LDR  01992cam  2200469Ii 4500
=001  on1019685183
=003  OCoLC
=005  20180305031523.0
=006  m\\\\\o\\d\\\\\\\\
=007  cr\unu||||||||
=008  180115s2017\\\\xx\\\\\\o\\\\\000\0\eng\d
=040  \\$aUMI$beng$erda$epn$cUMI$dMERER$dSTF$dOCLCF$dOCLCQ$dOH1
=029  1\$aGBVCP$b1014937108
=035  \\$a(OCoLC)1019685183
=037  \\$aCL0500000928$bSafari Books Online
=050  \4$aQA76.9.H85
=049  \\$aOH1A
=100  1\$aGothelf, Jeff,$eauthor.
=245  10$aMinimum viable products and prototypes /$h[electronic resource]
=264  \1$a[Place of publication not identified] :$bO'Reilly,$c[2017]
=300  \\$a1 online resource (1 volume)
=336  \\$atext$btxt$2rdacontent
=337  \\$acomputer$bc$2rdamedia
=338  \\$aonline resource$bcr$2rdacarrier
=506  \\$aAvailable to OhioLINK libraries
=588  \\$aDescription based on online resource; title from title page (Safari, viewed January 11, 2018).
=500  \\$aFrom Lean UX by Jeff Gothelf and Josh Seiden, second edition. Cf. Cover.
=500  \\$aDate of publication from resource description page.
=500  \\$a"Lesson"--Cover.
=650  \0$aUser-centered system design.
=650  \0$aAgile software development.
=650  \0$aLean manufacturing.
=650  \7$aAgile software development.$2fast$0(OCoLC)fst01743753
=650  \7$aLean manufacturing.$2fast$0(OCoLC)fst01746665
=650  \7$aUser-centered system design.$2fast$0(OCoLC)fst01740021
=655  \4$aElectronic books.
=700  1\$aSeiden, Josh,$eauthor.
=710  2\$aOhio Library and Information Network
=740  0\$aLean UX.
=856  40$3Safari Books Online$zConnect to resource$uhttp://proquest.safaribooksonline.com/?uiCode=ohlink&xmlId=9781492031284
=856  40$3Safari Books Online$zConnect to resource (off-campus)$uhttp://proxy.ohiolink.edu:9099/login?url=http://proquest.safaribooksonline.com/?uiCode=ohlink&xmlId=9781492031284
=910  \\$asafari-2018-01

