=LDR  01847cam  2200481Ii 4500
=001  on1018312759
=003  OCoLC
=005  20180305031523.0
=006  m\\\\\o\\d\\\\\\\\
=007  cr\unu||||||||
=008  180108s2017\\\\flua\\\\ob\\\\001\0\eng\d
=040  \\$aUMI$beng$erda$epn$cUMI$dTOH$dSTF$dOCLCF$dOH1
=020  \\$z9781498724425
=020  \\$z9781498724449
=020  \\$a9781498724456
=020  \\$a1498724450
=029  1\$aGBVCP$b1014937329
=035  \\$a(OCoLC)1018312759
=037  \\$aCL0500000924$bSafari Books Online
=050  \4$aTP155.7
=049  \\$aOH1A
=100  1\$aDarby, Ron,$d1932-$eauthor.
=245  10$aChemical engineering fluid mechanics /$h[electronic resource]
=250  \\$aThird edition.
=264  \1$aBoca Raton, FL :$bCRC Press,$c[2017]
=264  \4$c©2017
=300  \\$a1 online resource (1 volume) :$billustrations
=336  \\$atext$btxt$2rdacontent
=337  \\$acomputer$bc$2rdamedia
=338  \\$aonline resource$bcr$2rdacarrier
=506  \\$aAvailable to OhioLINK libraries
=588  \\$aDescription based on online resource; title from title page (viewed January 5, 2018).
=504  \\$aIncludes bibliographical references and index.
=650  \0$aChemical processes.
=650  \0$aFluid mechanics.
=650  \7$aChemical processes.$2fast$0(OCoLC)fst00853156
=650  \7$aFluid mechanics.$2fast$0(OCoLC)fst00927999
=655  \4$aElectronic books.
=700  1\$aChhabra, R. P.,$eauthor.
=710  2\$aOhio Library and Information Network
=856  40$3Safari Books Online$zConnect to resource$uhttp://proquest.safaribooksonline.com/?uiCode=ohlink&xmlId=9781498724449
=856  40$3Safari Books Online$zConnect to resource (off-campus)$uhttp://proxy.ohiolink.edu:9099/login?url=http://proquest.safaribooksonline.com/?uiCode=ohlink&xmlId=9781498724449
=910  \\$asafari-2018-01

