=LDR  02535cam  2200577Ii 4500
=001  on1018473670
=003  OCoLC
=005  20180305031523.0
=006  m\\\\\o\\d\\\\\\\\
=007  cr\unu||||||||
=008  180110s2018\\\\xx\a\\\\o\\\\\001\0\eng\d
=040  \\$aUMI$beng$erda$epn$cUMI$dUMI$dTOH$dSTF$dOCLCF$dOH1
=020  \\$a9781509303847
=020  \\$a1509303847
=020  \\$a9781509303816
=020  \\$a1509303812
=029  1\$aGBVCP$b1014937345
=035  \\$a(OCoLC)1018473670
=037  \\$aCL0500000926$bSafari Books Online
=050  \4$aQA76.774.M55
=049  \\$aOH1A
=100  1\$aD'Antoni, Joseph,$eauthor.
=245  10$aExam ref 70-765 provisioning SQL databases /$h[electronic resource]
=246  30$aProvisioning SQL databases
=264  \1$a[Place of publication not identified] :$bPearson Education,$c[2018]
=264  \4$c©2018
=300  \\$a1 online resource (1 volume) :$billustrations
=336  \\$atext$btxt$2rdacontent
=337  \\$acomputer$bc$2rdamedia
=338  \\$aonline resource$bcr$2rdacarrier
=506  \\$aAvailable to OhioLINK libraries
=588  \\$aDescription based on online resource; title from title page (Safari, viewed January 9, 2018).
=500  \\$aIncludes index.
=630  00$aMicrosoft Azure SQL Database$xExaminations$vStudy guides.
=630  00$aSQL server$xExaminations$vStudy guides.
=630  07$aMicrosoft Azure SQL Database.$2fast$0(OCoLC)fst01937996
=630  07$aSQL server.$2fast$0(OCoLC)fst01376937
=650  \0$aClient/server computing$xExaminations$vStudy guides.
=650  \0$aDatabase management$xExaminations$vStudy guides.
=650  \0$aElectronic data processing personnel$xCertification$vStudy guides.
=650  \7$aClient/server computing$xExaminations.$2fast$0(OCoLC)fst00864212
=650  \7$aDatabase management$xExaminations.$2fast$0(OCoLC)fst01905570
=650  \7$aElectronic data processing personnel$xCertification.$2fast$0(OCoLC)fst00907100
=650  \7$aExaminations.$2fast$0(OCoLC)fst00917492
=655  \4$aElectronic books.
=655  \7$aStudy guides.$2fast$0(OCoLC)fst01423888
=700  1\$aKlein, Scott,$d1966-$eauthor.
=710  2\$aOhio Library and Information Network
=856  40$3Safari Books Online$zConnect to resource$uhttp://proquest.safaribooksonline.com/?uiCode=ohlink&xmlId=9781509303847
=856  40$3Safari Books Online$zConnect to resource (off-campus)$uhttp://proxy.ohiolink.edu:9099/login?url=http://proquest.safaribooksonline.com/?uiCode=ohlink&xmlId=9781509303847
=910  \\$asafari-2018-01

