=LDR  01842cam  2200457Ii 4500
=001  on1015687141
=003  OCoLC
=005  20180305031523.0
=006  m\\\\\o\\d\\\\\\\\
=007  cr\unu||||||||
=008  171218s2018\\\\xx\a\\\\o\\\\\001\0\eng\d
=040  \\$aUMI$beng$erda$epn$cUMI$dOCLCF$dTOH$dSTF$dOH1
=020  \\$z9781509303823
=020  \\$a9781509303939
=020  \\$a1509303936
=029  1\$aGBVCP$b1014937361
=035  \\$a(OCoLC)1015687141
=037  \\$aCL0500000920$bSafari Books Online
=050  \4$aQA76.9.V5
=049  \\$aOH1A
=100  1\$aGraves, Jeff,$eauthor
=245  10$aExam ref 70-745 implementing a software-defined datacenter /$h[electronic resource]
=264  \1$a[Place of publication not identified] :$bMicrosoft,$c[2018]
=264  \4$c©2018
=300  \\$a1 online resource (1 volume) :$billustrations
=336  \\$atext$btxt$2rdacontent
=337  \\$acomputer$bc$2rdamedia
=338  \\$aonline resource$bcr$2rdacarrier
=506  \\$aAvailable to OhioLINK libraries
=588  \\$aDescription based on online resource; title from title page (Safari, viewed December 11, 2017).
=500  \\$aIncludes index.
=650  \0$aVirtual computer systems.
=650  \0$aOperating systems (Computers)
=650  \7$aOperating systems (Computers)$2fast$0(OCoLC)fst01046280
=650  \7$aVirtual computer systems.$2fast$0(OCoLC)fst01167683
=655  \4$aElectronic books.
=700  1\$aStidly, Joel,$eauthor.
=710  2\$aOhio Library and Information Network
=856  40$3Safari Books Online$zConnect to resource$uhttp://proquest.safaribooksonline.com/?uiCode=ohlink&xmlId=9781509303939
=856  40$3Safari Books Online$zConnect to resource (off-campus)$uhttp://proxy.ohiolink.edu:9099/login?url=http://proquest.safaribooksonline.com/?uiCode=ohlink&xmlId=9781509303939
=910  \\$asafari-2018-01

