=LDR  01933cam  2200505Ii 4500
=001  on1017754156
=003  OCoLC
=005  20180305031523.0
=006  m\\\\\o\\d\\\\\\\\
=007  cr\unu||||||||
=008  180104s2018\\\\xx\a\\\\o\\\\\001\0\eng\d
=040  \\$aUMI$beng$erda$epn$cUMI$dYDX$dIUL$dXPJ$dTOH$dOCLCF$dOH1
=020  \\$a9781509304547
=020  \\$a1509304541
=020  \\$z9781509304523
=020  \\$a9781509304530
=020  \\$a1509304533
=020  \\$z1509304525
=029  1\$aGBVCP$b1014937388
=035  \\$a(OCoLC)1017754156
=037  \\$aCL0500000922$bSafari Books Online
=050  \4$aQA76.73.P98
=082  04$a005.13/3$223
=049  \\$aOH1A
=100  1\$aMiles, Rob S.,$eauthor.
=245  10$aBegin to code with Python /$h[electronic resource]
=264  \1$a[Place of publication not identified] :$bPearson Education,$c[2018]
=264  \4$c©2018
=300  \\$a1 online resource (1 volume) :$billustrations
=336  \\$atext$btxt$2rdacontent
=337  \\$acomputer$bc$2rdamedia
=338  \\$aonline resource$bcr$2rdacarrier
=506  \\$aAvailable to OhioLINK libraries
=588  \\$aDescription based on online resource; title from title page (viewed January 4, 2018).
=500  \\$aIncludes index.
=650  \0$aPython (Computer program language)
=650  \0$aComputer programming.
=650  \7$aComputer programming.$2fast$0(OCoLC)fst00872390
=650  \7$aPython (Computer program language)$2fast$0(OCoLC)fst01084736
=655  \4$aElectronic books.
=710  2\$aOhio Library and Information Network
=776  08$cOriginal$z1509304525$z9781509304523
=856  40$3Safari Books Online$zConnect to resource$uhttp://proquest.safaribooksonline.com/?uiCode=ohlink&xmlId=9781509304547
=856  40$3Safari Books Online$zConnect to resource (off-campus)$uhttp://proxy.ohiolink.edu:9099/login?url=http://proquest.safaribooksonline.com/?uiCode=ohlink&xmlId=9781509304547
=910  \\$asafari-2018-01

