=LDR  02275cam  2200565Ki 4500
=001  on1012268200
=003  OCoLC
=005  20180305031523.0
=006  m\\\\\o\\d\\\\\\\\
=007  cr\|n|||||||||
=008  171120s2017\\\\xx\\\\\\o\\\\\001\0\eng\d
=040  \\$aYDX$beng$cYDX$dN$T$dUMI$dOCLCF$dTOH$dSTF$dOH1
=019  \\$a1011673503$a1015687236
=020  \\$a9781509305025$q(electronic bk.)
=020  \\$a1509305025$q(electronic bk.)
=020  \\$z1509304983
=020  \\$z9781509304981
=020  \\$a9781509305001
=020  \\$a1509305009
=029  1\$aGBVCP$b1014937418
=035  \\$a(OCoLC)1012268200$z(OCoLC)1011673503$z(OCoLC)1015687236
=037  \\$aCL0500000920$bSafari Books Online
=050  \4$aQA76.9.N38
=072  \7$aCOM$x000000$2bisacsh
=082  04$a006.35$223
=049  \\$aOH1A
=100  1\$aMayo, Joseph,$eauthor.
=245  10$aProgramming the Microsoft Bot Framework :$cJoe Mayo.$h[electronic resource]
=264  \1$a[United States] :$bMicrosoft,$c[2018]
=300  \\$a1 online resource.
=336  \\$atext$btxt$2rdacontent
=337  \\$acomputer$bc$2rdamedia
=338  \\$aonline resource$bcr$2rdacarrier
=500  \\$aIncludes index.
=506  \\$aAvailable to OhioLINK libraries
=650  \0$aNatural language processing (Computer science)
=650  \0$aArtificial intelligence.
=650  \0$aApplication software$xDevelopment.
=650  \0$aWeb site development.
=650  \7$aCOMPUTERS / General.$2bisacsh
=650  \7$aApplication software$xDevelopment.$2fast$0(OCoLC)fst00811707
=650  \7$aArtificial intelligence.$2fast$0(OCoLC)fst00817247
=650  \7$aNatural language processing (Computer science)$2fast$0(OCoLC)fst01034365
=650  \7$aWeb site development.$2fast$0(OCoLC)fst01173243
=655  \4$aElectronic books.
=710  2\$aOhio Library and Information Network
=776  08$cOriginal$z1509304983$z9781509304981$w(OCoLC)961009997
=856  40$3Safari Books Online$zConnect to resource$uhttp://proquest.safaribooksonline.com/?uiCode=ohlink&xmlId=9781509305001
=856  40$3Safari Books Online$zConnect to resource (off-campus)$uhttp://proxy.ohiolink.edu:9099/login?url=http://proquest.safaribooksonline.com/?uiCode=ohlink&xmlId=9781509305001
=910  \\$asafari-2018-01

