=LDR  01908cam  2200469Ii 4500
=001  on1019827207
=003  OCoLC
=005  20180305031523.0
=006  m\\\\\o\\d\\\\\\\\
=007  cr\unu||||||||
=008  180117s2018\\\\xx\a\\\\o\\\\\001\0\eng\d
=040  \\$aUMI$beng$erda$epn$cUMI$dOCLCF$dOH1
=020  \\$a9781509306817
=020  \\$a1509306811
=020  \\$z9781509306725
=029  1\$aGBVCP$b1014937434
=035  \\$a(OCoLC)1019827207
=037  \\$aCL0500000930$bSafari Books Online
=050  \4$aQA76.774.M435
=049  \\$aOH1A
=100  1\$aLambert, Joan,$eauthor.
=245  10$aWindows 10 step by step /$h[electronic resource]
=246  3\$aWindows ten step by step
=250  \\$aSecond edition.
=264  \1$a[Place of publication not identified] :$bPublished with the authorization of Microsoft Corporation by Pearson Education,$c[2018]
=264  \4$c©2018
=300  \\$a1 online resource (1 volume) :$billustrations
=336  \\$atext$btxt$2rdacontent
=337  \\$acomputer$bc$2rdamedia
=338  \\$aonline resource$bcr$2rdacarrier
=506  \\$aAvailable to OhioLINK libraries
=588  \\$aDescription based on online resource; title from title page (Safari, viewed January 16, 2018).
=500  \\$aIncludes index.
=630  00$aMicrosoft Windows (Computer file)
=630  07$aMicrosoft Windows (Computer file)$2fast$0(OCoLC)fst01367862
=650  \0$aOperating systems (Computers)
=650  \7$aOperating systems (Computers)$2fast$0(OCoLC)fst01046280
=655  \4$aElectronic books.
=710  2\$aOhio Library and Information Network
=856  40$3Safari Books Online$zConnect to resource$uhttp://proquest.safaribooksonline.com/?uiCode=ohlink&xmlId=9781509306817
=856  40$3Safari Books Online$zConnect to resource (off-campus)$uhttp://proxy.ohiolink.edu:9099/login?url=http://proquest.safaribooksonline.com/?uiCode=ohlink&xmlId=9781509306817
=910  \\$asafari-2018-01

