=LDR  01559cam  2200397Ii 4500
=001  on1020288714
=003  OCoLC
=005  20180305031523.0
=006  m\\\\\o\\d\\\\\\\\
=007  cr\unu||||||||
=008  180124s2018\\\\nyua\\\\o\\\\\001\0\eng\d
=040  \\$aUMI$beng$erda$epn$cUMI$dSTF$dOH1
=020  \\$z9781617293146
=029  1\$aGBVCP$b1014937574
=035  \\$a(OCoLC)1020288714
=037  \\$aCL0500000932$bSafari Books Online
=050  \4$aQA76.76.A65
=049  \\$aOH1A
=100  1\$aRodger, Richard$q(Richard John),$eauthor.
=245  14$aThe Tao of microservices /$h[electronic resource]
=264  \1$aShelter Island, NY :$bManning Publications,$c[2018]
=264  \4$c©2018
=300  \\$a1 online resource (1 volume) :$billustrations
=336  \\$atext$btxt$2rdacontent
=337  \\$acomputer$bc$2rdamedia
=338  \\$aonline resource$bcr$2rdacarrier
=506  \\$aAvailable to OhioLINK libraries
=588  \\$aDescription based on online resource; title from title page (Safari, viewed January 19, 2018).
=500  \\$aIncludes index.
=650  \0$aApplication software$xDevelopment.
=650  \0$aWeb applications.
=655  \4$aElectronic books.
=710  2\$aOhio Library and Information Network
=856  40$3Safari Books Online$zConnect to resource$uhttp://proquest.safaribooksonline.com/?uiCode=ohlink&xmlId=9781617293146
=856  40$3Safari Books Online$zConnect to resource (off-campus)$uhttp://proxy.ohiolink.edu:9099/login?url=http://proquest.safaribooksonline.com/?uiCode=ohlink&xmlId=9781617293146
=910  \\$asafari-2018-01

