=LDR  01878cam  2200469Ii 4500
=001  on1019902015
=003  OCoLC
=005  20180305031523.0
=006  m\\\\\o\\d\\\\\\\\
=007  cr\unu||||||||
=008  180119s2018\\\\nyua\\\\o\\\\\001\0\eng\d
=040  \\$aUMI$beng$erda$epn$cUMI$dUMI$dSTF$dOCLCF$dOH1
=020  \\$z9781617294075
=029  1\$aGBVCP$b1014937639
=035  \\$a(OCoLC)1019902015
=037  \\$aCL0500000931$bSafari Books Online
=050  \4$aQA76.73.S95
=049  \\$aOH1A
=100  1\$aGrummitt, Craig,$eauthor.
=245  10$aiOS development with Swift /$h[electronic resource]
=264  \1$aShelter Island, NY :$bManning Publications,$c[2018]
=264  \4$c©2018
=300  \\$a1 online resource (1 volume) :$billustrations
=336  \\$atext$btxt$2rdacontent
=337  \\$acomputer$bc$2rdamedia
=338  \\$aonline resource$bcr$2rdacarrier
=506  \\$aAvailable to OhioLINK libraries
=588  \\$aDescription based on online resource; title from title page (viewed January 17, 2018).
=500  \\$aIncludes index.
=630  00$aiOS (Electronic resource)
=630  07$aiOS (Electronic resource)$2fast$0(OCoLC)fst01784820
=650  \0$aSwift (Computer program language)
=650  \0$aMobile apps.
=650  \0$aMobile computing.
=650  \7$aMobile apps.$2fast$0(OCoLC)fst01909896
=650  \7$aMobile computing.$2fast$0(OCoLC)fst01024221
=650  \7$aSwift (Computer program language)$2fast$0(OCoLC)fst01922222
=655  \4$aElectronic books.
=710  2\$aOhio Library and Information Network
=856  40$3Safari Books Online$zConnect to resource$uhttp://proquest.safaribooksonline.com/?uiCode=ohlink&xmlId=9781617294075
=856  40$3Safari Books Online$zConnect to resource (off-campus)$uhttp://proxy.ohiolink.edu:9099/login?url=http://proquest.safaribooksonline.com/?uiCode=ohlink&xmlId=9781617294075
=910  \\$asafari-2018-01

