=LDR  01704cam  2200421Ii 4500
=001  on1017738561
=003  OCoLC
=005  20180305031523.0
=006  m\\\\\o\\d\\\\\\\\
=007  cr\unu||||||||
=008  180103s2018\\\\nyua\\\eo\\\\\001\0\eng\d
=040  \\$aUMI$beng$erda$epn$cUMI$dTOH$dSTF$dOH1
=020  \\$z9781617294105
=029  1\$aGBVCP$b1014937647
=035  \\$a(OCoLC)1017738561
=037  \\$aCL0500000921$bSafari Books Online
=050  \4$aQA76.73.G4
=049  \\$aOH1A
=100  1\$aNicieja, Kamil,$eauthor.
=245  10$aWriting great specifications :$cKamil Nicieja.$h[electronic resource]
=264  \1$aShelter Island, NY :$bManning,$c[2018]
=264  \4$c©2018
=300  \\$a1 online resource (1 volume) :$billustrations
=336  \\$atext$btxt$2rdacontent
=337  \\$acomputer$bc$2rdamedia
=338  \\$aonline resource$bcr$2rdacarrier
=506  \\$aAvailable to OhioLINK libraries
=588  \\$aDescription based on online resource; title from title page (Safari, viewed December 19, 2017).
=500  \\$aIncludes index.
=650  \0$aGherkin (Computer program language)
=650  \0$aSoftware documentation$xManagement.
=650  \0$aRequirements engineering$xManagement.
=650  \0$aComputer software$xDevelopment.
=655  \4$aElectronic books.
=710  2\$aOhio Library and Information Network
=856  40$3Safari Books Online$zConnect to resource$uhttp://proquest.safaribooksonline.com/?uiCode=ohlink&xmlId=9781617294105
=856  40$3Safari Books Online$zConnect to resource (off-campus)$uhttp://proxy.ohiolink.edu:9099/login?url=http://proquest.safaribooksonline.com/?uiCode=ohlink&xmlId=9781617294105
=910  \\$asafari-2018-01

