=LDR  02048cam  2200481Ii 4500
=001  on1017738562
=003  OCoLC
=005  20180305031523.0
=006  m\\\\\o\\d\\\\\\\\
=007  cr\unu||||||||
=008  180103s2018\\\\nyua\\\co\\\\\001\0\eng\d
=040  \\$aUMI$beng$erda$epn$cUMI$dTOH$dSTF$dOCLCF$dOH1
=020  \\$z9781617294259
=029  1\$aGBVCP$b1014937655
=035  \\$a(OCoLC)1017738562
=037  \\$aCL0500000921$bSafari Books Online
=050  \4$aQA76.73.S345
=049  \\$aOH1A
=100  1\$aFord, Gabriel,$eauthor.
=245  10$aHello Scratch! :$cGabriel Ford, Sadie Ford, Melissa Ford.$h[electronic resource]
=264  \1$aShelter Island, NY :$bManning Publications,$c[2018]
=264  \4$c©2018
=300  \\$a1 online resource (1 volume) :$billustrations
=336  \\$atext$btxt$2rdacontent
=337  \\$acomputer$bc$2rdamedia
=338  \\$aonline resource$bcr$2rdacarrier
=506  \\$aAvailable to OhioLINK libraries
=588  \\$aDescription based on online resource; title from title page (Safari, viewed December 19, 2017).
=500  \\$aIncludes index.
=650  \0$aScratch (Computer program language)$vJuvenile literature.
=650  \0$aComputer games$xProgramming$vJuvenile literature.
=650  \0$aScratch (Computer program language)
=650  \0$aComputer games$xProgramming.
=650  \7$aComputer games$xProgramming.$2fast$0(OCoLC)fst00872114
=650  \7$aScratch (Computer program language)$2fast$0(OCoLC)fst01746199
=655  \4$aElectronic books.
=655  \7$aJuvenile works.$2fast$0(OCoLC)fst01411637
=700  1\$aFord, Sadie,$eauthor.
=700  1\$aFord, Melissa,$eauthor.
=710  2\$aOhio Library and Information Network
=856  40$3Safari Books Online$zConnect to resource$uhttp://proquest.safaribooksonline.com/?uiCode=ohlink&xmlId=9781617294259
=856  40$3Safari Books Online$zConnect to resource (off-campus)$uhttp://proxy.ohiolink.edu:9099/login?url=http://proquest.safaribooksonline.com/?uiCode=ohlink&xmlId=9781617294259
=910  \\$asafari-2018-01

