=LDR  01814cam  2200445Ii 4500
=001  on1019902016
=003  OCoLC
=005  20180305031523.0
=006  m\\\\\o\\d\\\\\\\\
=007  cr\unu||||||||
=008  180119s2018\\\\nyua\\\\o\\\\\001\0\eng\d
=040  \\$aUMI$beng$erda$epn$cUMI$dSTF$dOCLCF$dOH1
=020  \\$z9781617294433
=029  1\$aGBVCP$b1014937663
=035  \\$a(OCoLC)1019902016
=037  \\$aCL0500000931$bSafari Books Online
=050  \4$aQA76.73.P98
=049  \\$aOH1A
=100  1\$aChollet, François,$eauthor.
=245  10$aDeep learning with Python /$h[electronic resource]
=264  \1$aShelter Island, NY :$bManning Publications,$c[2018]
=264  \4$c©2018
=300  \\$a1 online resource (1 volume) :$billustrations
=336  \\$atext$btxt$2rdacontent
=337  \\$acomputer$bc$2rdamedia
=338  \\$aonline resource$bcr$2rdacarrier
=500  \\$aIncludes index.
=506  \\$aAvailable to OhioLINK libraries
=588  \\$aDescription based on online resource; title from title page (viewed January 17, 2018).
=650  \0$aPython (Computer program language)
=650  \0$aMachine learning.
=650  \0$aNeural networks (Computer science)
=650  \7$aMachine learning.$2fast$0(OCoLC)fst01004795
=650  \7$aNeural networks (Computer science)$2fast$0(OCoLC)fst01036260
=650  \7$aPython (Computer program language)$2fast$0(OCoLC)fst01084736
=655  \4$aElectronic books.
=710  2\$aOhio Library and Information Network
=856  40$3Safari Books Online$zConnect to resource$uhttp://proquest.safaribooksonline.com/?uiCode=ohlink&xmlId=9781617294433
=856  40$3Safari Books Online$zConnect to resource (off-campus)$uhttp://proxy.ohiolink.edu:9099/login?url=http://proquest.safaribooksonline.com/?uiCode=ohlink&xmlId=9781617294433
=910  \\$asafari-2018-01

