=LDR  01682cam  2200421Ii 4500
=001  on1019128894
=003  OCoLC
=005  20180305031523.0
=006  m\\\\\o\\d\\\\\\\\
=007  cr\unu||||||||
=008  180111s2018\\\\nyua\\\\o\\\\\001\0\eng\d
=040  \\$aUMI$beng$erda$epn$cUMI$dTOH$dSTF$dOH1
=020  \\$z9781617294488
=029  1\$aGBVCP$b101493768X
=035  \\$a(OCoLC)1019128894
=037  \\$aCL0500000927$bSafari Books Online
=050  \4$aQA76.9.I52
=049  \\$aOH1A
=100  1\$aMeeks, Elijah,$eauthor.
=245  10$aD3.js in action :$cElijah Meeks.$h[electronic resource]
=250  \\$aSecond edition.
=264  \1$aShelter Island, NY :$bManning Publications,$c[2018]
=264  \4$c©2018
=300  \\$a1 online resource (1 volume) :$billustrations
=336  \\$atext$btxt$2rdacontent
=337  \\$acomputer$bc$2rdamedia
=338  \\$aonline resource$bcr$2rdacarrier
=506  \\$aAvailable to OhioLINK libraries
=588  \\$aDescription based on online resource; title from title page (viewed January 10, 2018).
=500  \\$aIncludes index.
=650  \0$aInformation visualization$xComputer programs.
=650  \0$aComputer graphics$xComputer programs.
=650  \0$aJavaScript (Computer program language)
=655  \4$aElectronic books.
=710  2\$aOhio Library and Information Network
=856  40$3Safari Books Online$zConnect to resource$uhttp://proquest.safaribooksonline.com/?uiCode=ohlink&xmlId=9781617294488
=856  40$3Safari Books Online$zConnect to resource (off-campus)$uhttp://proxy.ohiolink.edu:9099/login?url=http://proquest.safaribooksonline.com/?uiCode=ohlink&xmlId=9781617294488
=910  \\$asafari-2018-01

