=LDR  01641cam  2200421Ii 4500
=001  on1019902017
=003  OCoLC
=005  20180305031523.0
=006  m\\\\\o\\d\\\\\\\\
=007  cr\unu||||||||
=008  180119s2018\\\\nyua\\\\o\\\\\001\0\eng\d
=040  \\$aUMI$beng$erda$epn$cUMI$dSTF$dOCLCF$dOH1
=020  \\$z9781617294587
=029  1\$aGBVCP$b1014937698
=035  \\$a(OCoLC)1019902017
=037  \\$aCL0500000931$bSafari Books Online
=050  \4$aQA76.76.A65
=049  \\$aOH1A
=100  1\$aHume, David,$eauthor.
=245  10$aProgressive web apps /$h[electronic resource]
=264  \1$aShelter Island, NY :$bManning Publications,$c[2018]
=264  \4$c©2018
=300  \\$a1 online resource (1 volume) :$billustrations
=336  \\$atext$btxt$2rdacontent
=337  \\$acomputer$bc$2rdamedia
=338  \\$aonline resource$bcr$2rdacarrier
=506  \\$aAvailable to OhioLINK libraries
=588  \\$aDescription based on online resource; title from title page (viewed January 17, 2018).
=500  \\$aIncludes index.
=650  \0$aWeb applications.
=650  \0$aWeb site development.
=650  \7$aWeb applications.$2fast$0(OCoLC)fst01895855
=650  \7$aWeb site development.$2fast$0(OCoLC)fst01173243
=655  \4$aElectronic books.
=710  2\$aOhio Library and Information Network
=856  40$3Safari Books Online$zConnect to resource$uhttp://proquest.safaribooksonline.com/?uiCode=ohlink&xmlId=9781617294587
=856  40$3Safari Books Online$zConnect to resource (off-campus)$uhttp://proxy.ohiolink.edu:9099/login?url=http://proquest.safaribooksonline.com/?uiCode=ohlink&xmlId=9781617294587
=910  \\$asafari-2018-01

