=LDR  02068cam  2200505Ii 4500
=001  on1019827301
=003  OCoLC
=005  20180305031523.0
=006  m\\\\\o\\d\\\\\\\\
=007  cr\unu||||||||
=008  180117s2018\\\\cau\\\\\ob\\\\001\0\eng\d
=040  \\$aUMI$beng$erda$epn$cUMI$dEBLCP$dSTF$dOCLCF$dMERUC$dOH1
=020  \\$a9781626569782
=020  \\$a1626569789
=029  1\$aGBVCP$b1014937728
=035  \\$a(OCoLC)1019827301
=037  \\$aCL0500000930$bSafari Books Online
=050  \4$aBF575.S37
=049  \\$aOH1A
=100  1\$aTaylor, Sonya Renee,$eauthor.
=245  14$aThe body is not an apology :$cSonya Renee Taylor.$h[electronic resource]
=250  \\$aFirst edition.
=264  \1$aOakland, CA :$bBerrett-Koehler Publishers,$c[2018]
=264  \4$c©2018
=300  \\$a1 online resource (1 volume)
=336  \\$atext$btxt$2rdacontent
=337  \\$acomputer$bc$2rdamedia
=338  \\$aonline resource$bcr$2rdacarrier
=506  \\$aAvailable to OhioLINK libraries
=588  \\$aDescription based on print version record.
=504  \\$aIncludes bibliographical references and index.
=650  \0$aSelf-acceptance.
=650  \0$aSelf-perception.
=650  \0$aBody image.
=650  \0$aHuman body.
=650  \7$aBody image.$2fast$0(OCoLC)fst00835344
=650  \7$aHuman body.$2fast$0(OCoLC)fst01730057
=650  \7$aSelf-acceptance.$2fast$0(OCoLC)fst01111471
=650  \7$aSelf-perception.$2fast$0(OCoLC)fst01111797
=655  \4$aElectronic books.
=710  2\$aOhio Library and Information Network
=776  08$iPrint version:$aTaylor, Sonya Renee.$tBody is not an apology.$dOakland, CA : Berrett-Koehler Publishers, [2018]$z9781626569768$w(DLC)  2017028473$w(OCoLC)982651067
=856  40$3Safari Books Online$zConnect to resource$uhttp://proquest.safaribooksonline.com/?uiCode=ohlink&xmlId=9781626569782
=856  40$3Safari Books Online$zConnect to resource (off-campus)$uhttp://proxy.ohiolink.edu:9099/login?url=http://proquest.safaribooksonline.com/?uiCode=ohlink&xmlId=9781626569782
=910  \\$asafari-2018-01

