=LDR  01888cam  2200469Ii 4500
=001  on1017738678
=003  OCoLC
=005  20180305031523.0
=006  m\\\\\o\\d\\\\\\\\
=007  cr\unu||||||||
=008  180103s2017\\\\maua\\\\ob\\\\000\0\eng\d
=040  \\$aUMI$beng$erda$epn$cUMI$dOCLCF$dOH1
=020  \\$a9781631594458
=020  \\$a1631594451
=029  1\$aGBVCP$b1014937825
=035  \\$a(OCoLC)1017738678
=037  \\$aCL0500000921$bSafari Books Online
=050  \4$aHQ759
=049  \\$aOH1A
=100  1\$aDruxman, Lisa,$eauthor.
=245  14$aThe empowered mama :$h[electronic resource]
=260  \\$aBeverly, MA :$bFair Winds Press,$c2018.
=300  \\$a1 online resource (1 volume) :$billustrations
=336  \\$atext$btxt$2rdacontent
=337  \\$acomputer$bc$2rdamedia
=338  \\$aonline resource$bcr$2rdacarrier
=506  \\$aAvailable to OhioLINK libraries
=588  \\$aDescription based on online resource; title from title page (Safari, viewed January 3, 2018).
=504  \\$aIncludes bibliographical references.
=650  \0$aMotherhood.
=650  \0$aMothers$xHealth and hygiene.
=650  \0$aTime management.
=650  \0$aFamilies.
=650  \7$aFamilies.$2fast$0(OCoLC)fst01728849
=650  \7$aMotherhood.$2fast$0(OCoLC)fst01026907
=650  \7$aMothers$xHealth and hygiene.$2fast$0(OCoLC)fst01026965
=650  \7$aTime management.$2fast$0(OCoLC)fst01151114
=655  \4$aElectronic books.
=710  2\$aOhio Library and Information Network
=856  40$3Safari Books Online$zConnect to resource$uhttp://proquest.safaribooksonline.com/?uiCode=ohlink&xmlId=9781631594458
=856  40$3Safari Books Online$zConnect to resource (off-campus)$uhttp://proxy.ohiolink.edu:9099/login?url=http://proquest.safaribooksonline.com/?uiCode=ohlink&xmlId=9781631594458
=910  \\$asafari-2018-01

