=LDR  01901cam  2200433Ii 4500
=001  on1017738504
=003  OCoLC
=005  20180305031523.0
=006  m\\\\\o\\d\\\\\\\\
=007  cr\unu||||||||
=008  180103s2018\\\\maua\\\\o\\\\\000\0\eng\d
=040  \\$aUMI$beng$erda$epn$cUMI$dTOH$dSTF$dOCLCF$dOH1
=020  \\$z9781631593741
=020  \\$a9781631595349
=020  \\$a1631595342
=029  1\$aGBVCP$b1014937833
=035  \\$a(OCoLC)1017738504
=037  \\$aCL0500000921$bSafari Books Online
=050  \4$aQ180.55.M4
=049  \\$aOH1A
=100  1\$aMartin, Bella,$eauthor.
=245  14$aThe pocket universal methods of design :$cBella Martin, Bruce Hanington.$h[electronic resource]
=246  30$a100 ways to research complex problems, develop innovative ideas and design effective solutions
=264  \1$aBeverly, MA :$bRockport Publishers,$c2018.
=300  \\$a1 online resource (1 volume) :$billustrations
=336  \\$atext$btxt$2rdacontent
=337  \\$acomputer$bc$2rdamedia
=338  \\$aonline resource$bcr$2rdacarrier
=506  \\$aAvailable to OhioLINK libraries
=588  \\$aDescription based on online resource; title from title page (Safari, viewed January 3, 2018).
=504  \\$aIncludes bibliographical references.
=650  \0$aResearch$xMethodology.
=650  \7$aResearch$xMethodology.$2fast$0(OCoLC)fst01095216
=655  \4$aElectronic books.
=700  1\$aHanington, Bruce M.,$eauthor.
=710  2\$aOhio Library and Information Network
=856  40$3Safari Books Online$zConnect to resource$uhttp://proquest.safaribooksonline.com/?uiCode=ohlink&xmlId=9781631595349
=856  40$3Safari Books Online$zConnect to resource (off-campus)$uhttp://proxy.ohiolink.edu:9099/login?url=http://proquest.safaribooksonline.com/?uiCode=ohlink&xmlId=9781631595349
=910  \\$asafari-2018-01

