=LDR  02201cam  2200517Ii 4500
=001  on1018473683
=003  OCoLC
=005  20180305031523.0
=006  m\\\\\o\\d\\\\\\\\
=007  cr\unu||||||||
=008  180110s2018\\\\maua\\\\o\\\\\001\0\eng\d
=040  \\$aUMI$beng$erda$epn$cUMI$dTOH$dSTF$dOCLCF$dOH1
=020  \\$a9781631595394
=020  \\$a1631595393
=020  \\$z9781592337804
=029  1\$aGBVCP$b1014937841
=035  \\$a(OCoLC)1018473683
=037  \\$aCL0500000926$bSafari Books Online
=050  \4$aRC374.K46
=049  \\$aOH1A
=100  1\$aSlajerova, Martina,$eauthor.
=245  10$aKeto slow cooker & one-pot meals :$cMartina Slajerova.$h[electronic resource]
=246  30$aOver 100 simple & delicious low-carb, paleo and primal recipes for weight loss and better health
=246  3\$aKeto slow cooker and one-pot meals
=246  3\$aKeto slow cooker and 1 pot meals
=264  \1$aBeverly, MA :$bFair Winds,$c2018.
=300  \\$a1 online resource (1 volume) :$billustrations
=336  \\$atext$btxt$2rdacontent
=337  \\$acomputer$bc$2rdamedia
=338  \\$aonline resource$bcr$2rdacarrier
=506  \\$aAvailable to OhioLINK libraries
=588  \\$aDescription based on online resource; title from title page (Safari, viewed January 9, 2018).
=500  \\$aIncludes index.
=650  \0$aKetogenic diet.
=650  \0$aReducing diets.
=650  \0$aElectric cooking, Slow.
=650  \0$aLow-carbohydrate diet.
=650  \7$aElectric cooking, Slow.$2fast$0(OCoLC)fst01754942
=650  \7$aKetogenic diet.$2fast$0(OCoLC)fst00986942
=650  \7$aLow-carbohydrate diet.$2fast$0(OCoLC)fst01003193
=650  \7$aReducing diets.$2fast$0(OCoLC)fst01092289
=655  \4$aElectronic books.
=710  2\$aOhio Library and Information Network
=856  40$3Safari Books Online$zConnect to resource$uhttp://proquest.safaribooksonline.com/?uiCode=ohlink&xmlId=9781631595394
=856  40$3Safari Books Online$zConnect to resource (off-campus)$uhttp://proxy.ohiolink.edu:9099/login?url=http://proquest.safaribooksonline.com/?uiCode=ohlink&xmlId=9781631595394
=910  \\$asafari-2018-01

