=LDR  01851cam  2200457Ii 4500
=001  on1019901859
=003  OCoLC
=005  20180305031523.0
=006  m\\\\\o\\d\\\\\\\\
=007  cr\unu||||||||
=008  180119s2018\\\\maua\\\\o\\\\\001\0\eng\d
=040  \\$aUMI$beng$erda$epn$cUMI$dUMI$dYDX$dOH1
=019  \\$a1017588075
=020  \\$z9781631593536
=020  \\$a9781631595448
=020  \\$a163159544X
=020  \\$z1631593536 (paperback)
=029  1\$aGBVCP$b1014937868
=035  \\$a(OCoLC)1019901859$z(OCoLC)1017588075
=037  \\$aCL0500000931$bSafari Books Online
=050  \4$aTT857
=049  \\$aOH1A
=100  1\$aLaporte, Tamara,$eauthor.
=245  10$aCreate your life book :$cTamara Laporte.$h[electronic resource]
=264  \1$aBeverly, MA :$bQuarry Books,$c2018.
=300  \\$a1 online resource (1 volume) :$billustrations
=336  \\$atext$btxt$2rdacontent
=337  \\$acomputer$bc$2rdamedia
=338  \\$aonline resource$bcr$2rdacarrier
=506  \\$aAvailable to OhioLINK libraries
=588  \\$aDescription based on online resource; title from title page (viewed January 19, 2018).
=500  \\$aIncludes index.
=650  \0$aMixed media (Art)$xTechnique.
=650  \0$aCreative ability.
=650  \0$aSelf-actualization (Psychology)
=655  \4$aElectronic books.
=710  2\$aOhio Library and Information Network
=776  08$cOriginal$z9781631593536$z1631593536$w(DLC) 2017029108$w(OCoLC)987279707
=856  40$3Safari Books Online$zConnect to resource$uhttp://proquest.safaribooksonline.com/?uiCode=ohlink&xmlId=9781631595448
=856  40$3Safari Books Online$zConnect to resource (off-campus)$uhttp://proxy.ohiolink.edu:9099/login?url=http://proquest.safaribooksonline.com/?uiCode=ohlink&xmlId=9781631595448
=910  \\$asafari-2018-01

