=LDR  02158nam  2200433Ii 4500
=001  on1020288656
=003  OCoLC
=005  20180305031523.0
=006  m\\\\\o\\d\\\\\\\\
=007  cr\unu||||||||
=008  180124s2017\\\\mau\\\\\ob\\\\000\0\eng\d
=040  \\$aUMI$beng$erda$epn$cUMI$dOH1
=020  \\$z9781632651112
=020  \\$a9781632658951
=020  \\$a163265895X
=029  1\$aGBVCP$b1014937884
=035  \\$a(OCoLC)1020288656
=037  \\$aCL0500000932$bSafari Books Online
=050  \4$aNX163
=049  \\$aOH1A
=100  1\$aSabino, Anna,$eauthor.
=245  10$aYour creative career :$cAnna Sabino.$h[electronic resource]
=264  \1$aNewburyport MA :$bCareer Press,$c2017.
=300  \\$a1 online resource (1 volume)
=336  \\$atext$btxt$2rdacontent
=337  \\$acomputer$bc$2rdamedia
=338  \\$aonline resource$bcr$2rdacarrier
=506  \\$aAvailable to OhioLINK libraries
=588  \\$aDescription based on print version record.
=504  \\$aIncludes bibliographical references.
=505  0\$aDesigning your creative career -- Your humble beginnings -- Exploring creativity within -- Transforming from artist into creative entrepreneur -- Making it! Product business -- Following your passion vs. providing what people want -- Succeeding as an entrepreneur -- Pressure of growth -- The comfort of change -- Creatives and money : profit and pricing -- Spreading the word and developing your brand -- Mindful creative.
=650  \0$aArts$xVocational guidance.
=650  \0$aEntrepreneurship.
=655  \4$aElectronic books.
=710  2\$aOhio Library and Information Network
=776  08$iPrint version:$aSabino, Anna.$tYour creative career.$dWayne, NJ : Career Press, [2018]$z9781632651112$w(DLC)  2017042531$w(OCoLC)987796645
=856  40$3Safari Books Online$zConnect to resource$uhttp://proquest.safaribooksonline.com/?uiCode=ohlink&xmlId=9781632651112
=856  40$3Safari Books Online$zConnect to resource (off-campus)$uhttp://proxy.ohiolink.edu:9099/login?url=http://proquest.safaribooksonline.com/?uiCode=ohlink&xmlId=9781632651112
=910  \\$asafari-2018-01

