=LDR  01983cam  2200469Ii 4500
=001  on1018480529
=003  OCoLC
=005  20180305031523.0
=006  m\\\\\o\\d\\\\\\\\
=007  cr\unu||||||||
=008  180110s2017\\\\caua\\\\o\\\\\000\0\eng\d
=040  \\$aUMI$beng$erda$epn$cUMI$dSTF$dOCLCF$dOH1
=020  \\$a9781633224551
=020  \\$a1633224554
=020  \\$z9780760358108
=029  1\$aGBVCP$b1014937892
=035  \\$a(OCoLC)1018480529
=037  \\$aCL0500000925$bSafari Books Online
=050  \4$aND1488
=049  \\$aOH1A
=245  00$aColor :$cproject editing and content development by Elizabeth T. Gilbert.$h[electronic resource]
=246  30$aPractical guide to color and its uses in art
=246  1\$iAt head of cover title:$aArtist toolbox
=250  \\$aDigital edition.
=264  \1$aLake Forest, CA :$bWalter Foster Publishing,$c2017.
=300  \\$a1 online resource (1 volume) :$billustrations
=336  \\$atext$btxt$2rdacontent
=337  \\$acomputer$bc$2rdamedia
=338  \\$aonline resource$bcr$2rdacarrier
=506  \\$aAvailable to OhioLINK libraries
=588  \\$aDescription based on online resource; title from title page (Safari, viewed January 5, 2018).
=500  \\$a"Project editing and content development by Elizabeth T. Gilbert"--Copyright page.
=650  \0$aColor in art.
=650  \0$aPainting$xTechnique.
=650  \7$aColor in art.$2fast$0(OCoLC)fst00868563
=650  \7$aPainting$xTechnique.$2fast$0(OCoLC)fst01050624
=655  \4$aElectronic books.
=700  1\$aGilbert, Elizabeth T.,$eeditor.
=710  2\$aOhio Library and Information Network
=856  40$3Safari Books Online$zConnect to resource$uhttp://proquest.safaribooksonline.com/?uiCode=ohlink&xmlId=9781633224551
=856  40$3Safari Books Online$zConnect to resource (off-campus)$uhttp://proxy.ohiolink.edu:9099/login?url=http://proquest.safaribooksonline.com/?uiCode=ohlink&xmlId=9781633224551
=910  \\$asafari-2018-01

