=LDR  02359cam  2200553Ii 4500
=001  on1019827294
=003  OCoLC
=005  20180305031523.0
=006  m\\\\\o\\d\\\\\\\\
=007  cr\unu||||||||
=008  180117s2017\\\\ncua\\\\o\\\\\001\0\eng\d
=040  \\$aUMI$beng$erda$epn$cUMI$dUMI$dSTF$dOCLCF$dOH1
=020  \\$a9781635264685
=020  \\$a1635264685
=020  \\$z9781635263732
=029  1\$aGBVCP$b1014937965
=035  \\$a(OCoLC)1019827294
=037  \\$aCL0500000930$bSafari Books Online
=050  \4$aQA276.4
=049  \\$aOH1A
=245  00$aSAS certification prep guide :$h[electronic resource]
=246  30$aBase programming for SAS 9
=246  3\$aStatistical Analysis System certification prep guide :$bbase programming for Statistical Analysis System nine
=250  \\$aFourth edition.
=264  \1$aCary, N.C. :$bSAS Institute,$c[2017]
=264  \4$c©2017
=300  \\$a1 online resource (1 volume) :$billustrations
=336  \\$atext$btxt$2rdacontent
=337  \\$acomputer$bc$2rdamedia
=338  \\$aonline resource$bcr$2rdacarrier
=506  \\$aAvailable to OhioLINK libraries
=588  \\$aDescription based on online resource; title from title page (Safari, viewed January 17, 2018).
=500  \\$aIncludes index.
=630  00$aSAS (Computer file)$xExaminations$vStudy guides.
=630  07$aSAS (Computer file)$2fast$0(OCoLC)fst01364029
=650  \0$aElectronic data processing personnel$xCertification$vStudy guides.
=650  \0$aSAS (Computer program language)
=650  \0$aMacroprogramming.
=650  \7$aElectronic data processing personnel$xCertification.$2fast$0(OCoLC)fst00907100
=650  \7$aExaminations.$2fast$0(OCoLC)fst00917492
=650  \7$aMacroprogramming.$2fast$0(OCoLC)fst01005280
=650  \7$aSAS (Computer program language)$2fast$0(OCoLC)fst01738546
=655  \4$aElectronic books.
=655  \7$aStudy guides.$2fast$0(OCoLC)fst01423888
=710  2\$aOhio Library and Information Network
=710  2\$aSAS Institute,$epublisher.
=856  40$3Safari Books Online$zConnect to resource$uhttp://proquest.safaribooksonline.com/?uiCode=ohlink&xmlId=9781635264685
=856  40$3Safari Books Online$zConnect to resource (off-campus)$uhttp://proxy.ohiolink.edu:9099/login?url=http://proquest.safaribooksonline.com/?uiCode=ohlink&xmlId=9781635264685
=910  \\$asafari-2018-01

