=LDR  02027cam  2200481Ii 4500
=001  on1017990310
=003  OCoLC
=005  20180305031523.0
=006  m\\\\\o\\d\\\\\\\\
=007  cr\unu||||||||
=008  180105s2017\\\\caua\\\\o\\\\\001\0\eng\d
=040  \\$aUMI$beng$erda$epn$cUMI$dUMI$dTOH$dSTF$dOCLCF$dOH1
=020  \\$z9781680452969
=029  1\$aGBVCP$b101493799X
=035  \\$a(OCoLC)1017990310
=037  \\$aCL0500000923$bSafari Books Online
=050  \4$aTJ211.15
=049  \\$aOH1A
=100  1\$aSchertle, Rick,$eauthor.
=245  10$amBot for makers :$cRick Schertle, Andrew Carle.$h[electronic resource]
=246  1\$iTitle on cover:$aGetting started with mBots
=250  \\$aFirst edition.
=264  \1$aSan Francisco :$bMaker Media, Inc.,$c[2017]
=264  \4$c©2017
=300  \\$a1 online resource (1 volume) :$billustrations
=336  \\$atext$btxt$2rdacontent
=337  \\$acomputer$bc$2rdamedia
=338  \\$aonline resource$bcr$2rdacarrier
=506  \\$aAvailable to OhioLINK libraries
=588  \\$aDescription based on online resource; title from title page (Safari, viewed January 3, 2018).
=500  \\$aIncludes index.
=650  \0$aRobots$xDesign and construction$vPopular works.
=650  \0$aRobots$xProgramming$vPopular works.
=650  \7$aRobots$xDesign and construction.$2fast$0(OCoLC)fst01099054
=650  \7$aRobots$xProgramming.$2fast$0(OCoLC)fst01099070
=655  \4$aElectronic books.
=655  \7$aPopular works.$2fast$0(OCoLC)fst01423846
=700  1\$aCarle, Andrew,$eauthor.
=710  2\$aOhio Library and Information Network
=730  0\$aMake (Sebastopol, Calif.)
=856  40$3Safari Books Online$zConnect to resource$uhttp://proquest.safaribooksonline.com/?uiCode=ohlink&xmlId=9781680452952
=856  40$3Safari Books Online$zConnect to resource (off-campus)$uhttp://proxy.ohiolink.edu:9099/login?url=http://proquest.safaribooksonline.com/?uiCode=ohlink&xmlId=9781680452952
=910  \\$asafari-2018-01

