=LDR  03894cam  2200529Ii 4500
=001  on1015239876
=003  OCoLC
=005  20180305031523.0
=006  m\\\\\o\\d\\\\\\\\
=007  cr\cnu|||unuuu
=008  171212t20172017caua\\\\o\\\\\000\0\eng\d
=040  \\$aN$T$beng$erda$epn$cN$T$dN$T$dEBLCP$dIDEBK$dTEFOD$dOCLCF$dUMI$dUIU$dSTF$dOH1
=019  \\$a1019707900$a1019733461
=020  \\$a9781680454475$q(electronic bk.)
=020  \\$a1680454471$q(electronic bk.)
=020  \\$a9781680454451$q(electronic bk.)
=020  \\$a1680454455$q(electronic bk.)
=020  \\$z9781680454482
=020  \\$a9781680454833
=020  \\$a1680454838
=029  1\$aGBVCP$b1014938090
=035  \\$a(OCoLC)1015239876$z(OCoLC)1019707900$z(OCoLC)1019733461
=037  \\$aF74045DD-25B0-4D83-ABE7-DD270C15C5B5$bOverDrive, Inc.$nhttp://www.overdrive.com
=041  0\$aeng
=050  \4$aTK7835
=072  \7$aTEC$x009070$2bisacsh
=082  04$a621.381$223
=049  \\$aOH1A
=100  1\$aPlatt, Charles,$eauthor.
=245  10$aEasy electronics /$h[electronic resource]
=264  \1$aSan Francisco, CA :$bMaker Media, Inc.,$c[2017]
=264  \4$c©2017
=300  \\$a1 online resource.
=336  \\$atext$btxt$2rdacontent
=337  \\$acomputer$bc$2rdamedia
=338  \\$aonline resource$bcr$2rdacarrier
=506  \\$aAvailable to OhioLINK libraries
=588  0\$aVendor-supplied metadata.
=520  \\$aThis is the simplest, quickest, least technical, most affordable introduction to basic electronics. No tools are necessary--not even a screwdriver. Easy Electronics should satisfy anyone who has felt frustrated by entry-level books that are not as clear and simple as they are supposed to be. Brilliantly clear graphics will take you step by step through 12 basic projects, none of which should take more than half an hour. Using alligator clips to connect components, you see and hear immediateresults. The hands-on approach is fun and intriguing, especially for family members exploring the projects together. The 12 experiments will introduce you to switches, resistors, capacitors, transistors, phototransistors, LEDs, audio transducers, and a silicon chip. You'll even learn how to read schematics by comparing them with the circuits that you build. No prior knowledge is required, and no math is involved. You learn by seeing, hearing, and touching. By the end of Experiment 12, you may be eager to move on to a more detailed book. Easy Electronics will function perfectly as a prequel to the same author's bestseller, Make: Electronics . All the components listed in the book are inexpensive and readily available from online sellers. A very affordable kit has been developed in conjunction with the book to eliminate the chore of shopping for separate parts. A QR code inside the book will take you to the vendor's web site. Concepts include: Transistor as a switch or an amplifier Phototransistor to function as an alarm Capacitor to store and release electricity Transducer to create sounds from a timer Resistor codes A miniature light bulb to display voltage The inner workings of a switch Using batteries and resistors in series and parallel Creating sounds by the pressure of your finger Making a matchbox that beeps when you touch it And more. Grab your copy and start experimenting!
=650  \0$aElectronics$xExperiments.
=650  \7$aTECHNOLOGY & ENGINEERING / Mechanical.$2bisacsh
=650  \7$aElectronics$xExperiments.$2fast$0(OCoLC)fst00907556
=655  \4$aElectronic books.
=710  2\$aOhio Library and Information Network
=856  40$3Safari Books Online$zConnect to resource$uhttp://proquest.safaribooksonline.com/?uiCode=ohlink&xmlId=9781680454833
=856  40$3Safari Books Online$zConnect to resource (off-campus)$uhttp://proxy.ohiolink.edu:9099/login?url=http://proquest.safaribooksonline.com/?uiCode=ohlink&xmlId=9781680454833
=910  \\$asafari-2018-01

