=LDR  01735cam  2200421Ii 4500
=001  on1015687142
=003  OCoLC
=005  20180305031523.0
=006  m\\\\\o\\d\\\\\\\\
=007  cr\unu||||||||
=008  171218s2017\\\\ncua\\\\ob\\\\000\0\eng\d
=040  \\$aUMI$beng$erda$epn$cUMI$dOCLCF$dTOH$dSTF$dOH1
=020  \\$z9781680502091
=029  1\$aGBVCP$b1014938171
=035  \\$a(OCoLC)1015687142
=037  \\$aCL0500000920$bSafari Books Online
=050  \4$aQA76.758
=049  \\$aOH1A
=100  1\$aKeeling, Michael,$eauthor
=245  10$aDesign it! :$cby Michael Keeling.$h[electronic resource]
=250  \\$aVersion: P1.0 (October 2017).
=264  \1$a[Raleigh, North Carolina] :$bPragmatic Bookshelf,$c2017.
=300  \\$a1 online resource (1 volume) :$billustrations.
=336  \\$atext$btxt$2rdacontent
=337  \\$acomputer$bc$2rdamedia
=338  \\$aonline resource$bcr$2rdacarrier
=490  1\$aThe pragmatic programmers
=506  \\$aAvailable to OhioLINK libraries
=588  \\$aDescription based on online resource; title from title page (Safari, viewed December 11, 2017).
=504  \\$aIncludes bibliographical references.
=650  \0$aSoftware architecture.
=650  \7$aSoftware architecture.$2fast$0(OCoLC)fst01200416
=655  \4$aElectronic books.
=710  2\$aOhio Library and Information Network
=830  \0$aPragmatic programmers.
=856  40$3Safari Books Online$zConnect to resource$uhttp://proquest.safaribooksonline.com/?uiCode=ohlink&xmlId=9781680502923
=856  40$3Safari Books Online$zConnect to resource (off-campus)$uhttp://proxy.ohiolink.edu:9099/login?url=http://proquest.safaribooksonline.com/?uiCode=ohlink&xmlId=9781680502923
=910  \\$asafari-2018-01

