=LDR  01860cam  2200421Ii 4500
=001  on1015687273
=003  OCoLC
=005  20180305031523.0
=006  m\\\\\o\\d\\\\\\\\
=007  cr\unu||||||||
=008  171218s2018\\\\caua\\\\o\\\\\000\0\eng\d
=040  \\$aUMI$beng$erda$epn$cUMI$dYDX$dOCLCF$dTOH$dSTF$dOH1
=020  \\$a9781681982755
=020  \\$a1681982757
=020  \\$z9781681982748
=029  1\$aGBVCP$b1014938198
=035  \\$a(OCoLC)1015687273
=037  \\$aCL0500000920$bSafari Books Online
=050  \4$aTR606
=049  \\$aOH1A
=100  1\$aKelby, Scott,$eauthor.
=245  14$aThe flash book :$cScott Kelby.$h[electronic resource]
=246  30$aHow to fall hopelessly in love with your flash, and finally start taking the type of images you bought it for in the first place
=264  \1$aSan Rafael, CA :$bRocky Nook,$c[2018]
=264  \4$c©2018
=300  \\$a1 online resource (1 volume) :$billustrations
=336  \\$atext$btxt$2rdacontent
=337  \\$acomputer$bc$2rdamedia
=338  \\$aonline resource$bcr$2rdacarrier
=506  \\$aAvailable to OhioLINK libraries
=588  \\$aDescription based on online resource; title from title page (Safari, viewed December 18, 2017).
=650  \0$aElectronic flash photography.
=650  \7$aElectronic flash photography.$2fast$0(OCoLC)fst00907201
=655  \4$aElectronic books.
=710  2\$aOhio Library and Information Network
=856  40$3Safari Books Online$zConnect to resource$uhttp://proquest.safaribooksonline.com/?uiCode=ohlink&xmlId=9781681982755
=856  40$3Safari Books Online$zConnect to resource (off-campus)$uhttp://proxy.ohiolink.edu:9099/login?url=http://proquest.safaribooksonline.com/?uiCode=ohlink&xmlId=9781681982755
=910  \\$asafari-2018-01

