=LDR  01820cam  2200457Ii 4500
=001  on1020288618
=003  OCoLC
=005  20180305031523.0
=006  m\\\\\o\\d\\\\\\\\
=007  cr\unu||||||||
=008  180124s2017\\\\caua\\\\of\\\\000\0\eng\d
=040  \\$aUMI$beng$erda$epn$cUMI$dSTF$dOH1
=020  \\$a9781681982861
=020  \\$a1681982862
=020  \\$a9781681982885
=020  \\$a1681982889
=029  1\$aGBVCP$b1014938201
=035  \\$a(OCoLC)1020288618
=037  \\$aCL0500000932$bSafari Books Online
=050  \4$aTR263.C3
=049  \\$aOH1A
=100  1\$aBusch, David D.,$eauthor.
=245  10$aDavid Busch's Canon EOS Rebel T7i/800D :$cDavid D. Busch.$h[electronic resource]
=246  30$aCanon EOS Rebel T7i/800D
=250  \\$a1st edition.
=264  \1$aSan Rafael, CA :$bRocky Nook,$c[2017]
=264  \4$c©2017
=300  \\$a1 online resource (1 volume) :$billustrations
=336  \\$atext$btxt$2rdacontent
=337  \\$acomputer$bc$2rdamedia
=338  \\$aonline resource$bcr$2rdacarrier
=506  \\$aAvailable to OhioLINK libraries
=588  \\$aDescription based on online resource; title from title page (Safari, viewed January 18, 2018).
=650  \0$aCanon digital cameras$vHandbooks, manuals, etc.
=650  \0$aPhotography$xDigital techniques$vHandbooks, manuals, etc.
=650  \0$aSingle-lens reflex cameras$vHandbooks, manuals, etc.
=655  \4$aElectronic books.
=710  2\$aOhio Library and Information Network
=856  40$3Safari Books Online$zConnect to resource$uhttp://proquest.safaribooksonline.com/?uiCode=ohlink&xmlId=9781681982885
=856  40$3Safari Books Online$zConnect to resource (off-campus)$uhttp://proxy.ohiolink.edu:9099/login?url=http://proquest.safaribooksonline.com/?uiCode=ohlink&xmlId=9781681982885
=910  \\$asafari-2018-01

