=LDR  02366cam  2200517Ii 4500
=001  on1020288756
=003  OCoLC
=005  20180305031524.0
=006  m\\\\\o\\d\\\\\\\\
=007  cr\unu||||||||
=008  180124s2018\\\\caua\\\\o\\\\\000\0\eng\d
=040  \\$aUMI$beng$erda$epn$cUMI$dUMI$dYDX$dSTF$dOH1
=019  \\$a1017849496
=020  \\$a9781681982984
=020  \\$a1681982986
=020  \\$a9781681983004
=020  \\$a1681983001
=020  \\$a9781681982991
=020  \\$a1681982994
=029  1\$aGBVCP$b1014938228
=035  \\$a(OCoLC)1020288756$z(OCoLC)1017849496
=037  \\$aCL0500000932$bSafari Books Online
=050  \4$aTR267.5.A3
=049  \\$aOH1A
=100  1\$aConcepcion, Rafael,$eauthor.
=245  14$aThe enthusiast's guide to Photoshop :$cRafael "RC" Concepcion.$h[electronic resource]
=246  3\$aSixty-four photographic principles you need to know
=250  \\$a1st edition.
=264  \1$aSan Rafael, CA :$bRocky Nook,$c[2018]
=264  \4$c©2018
=300  \\$a1 online resource (1 volume) :$billustrations
=336  \\$atext$btxt$2rdacontent
=337  \\$acomputer$bc$2rdamedia
=338  \\$aonline resource$bcr$2rdacarrier
=506  \\$aAvailable to OhioLINK libraries
=588  \\$aDescription based on print version record.
=505  0\$aMaster your tools -- Working with Adobe Camera Raw -- Next-level editing in Adobe Camera Raw -- Selections and transformations -- Photoshop layers -- Layer masking and retouching -- Retouching and content-aware techniques -- Beyond the basics -- Printing images in Photoshop -- Putting it all together.
=630  00$aAdobe Photoshop.
=650  \0$aImage processing$xDigital techniques.
=650  \0$aPhotography$xDigital techniques.
=655  \4$aElectronic books.
=710  2\$aOhio Library and Information Network
=776  08$iPrint version:$aConcepcion, Rafael.$tEnthusiast's guide to Photoshop.$b1st edition.$dSan Rafael, CA : Rocky Nook, [2018]$z9781681982984$w(DLC)  2017945182$w(OCoLC)985075039
=856  40$3Safari Books Online$zConnect to resource$uhttp://proquest.safaribooksonline.com/?uiCode=ohlink&xmlId=9781681983004
=856  40$3Safari Books Online$zConnect to resource (off-campus)$uhttp://proxy.ohiolink.edu:9099/login?url=http://proquest.safaribooksonline.com/?uiCode=ohlink&xmlId=9781681983004
=910  \\$asafari-2018-01

