=LDR  02079cam  2200493Ii 4500
=001  on1017990311
=003  OCoLC
=005  20180305031524.0
=006  m\\\\\o\\d\\\\\\\\
=007  cr\unu||||||||
=008  180105s2018\\\\caua\\\\of\\\\000\0\eng\d
=040  \\$aUMI$beng$erda$epn$cUMI$dTOH$dSTF$dOCLCF$dOH1
=020  \\$a9781681983400
=020  \\$a1681983400
=020  \\$z9781681983387
=029  1\$aGBVCP$b1014938260
=035  \\$a(OCoLC)1017990311
=037  \\$aCL0500000923$bSafari Books Online
=050  \4$aTR263.C3
=049  \\$aOH1A
=100  1\$aBusch, David D.,$eauthor.
=245  10$aDavid Busch's Canon EOS Rebel SL2/200D :$cDavid D. Busch.$h[electronic resource]
=246  30$aCanon EOS Rebel SL2/200D
=250  \\$a1st edition.
=264  \1$aSan Rafael, CA :$bRocky Nook,$c[2018]
=264  \4$c©2018
=300  \\$a1 online resource (1 volume) :$billustrations
=336  \\$atext$btxt$2rdacontent
=337  \\$acomputer$bc$2rdamedia
=338  \\$aonline resource$bcr$2rdacarrier
=506  \\$aAvailable to OhioLINK libraries
=588  \\$aDescription based on online resource; title from title page (Safari, viewed January 3, 2018).
=650  \0$aCanon digital cameras$vHandbooks, manuals, etc.
=650  \0$aPhotography$xDigital techniques$vHandbooks, manuals, etc.
=650  \0$aSingle-lens reflex cameras$vHandbooks, manuals, etc.
=650  \7$aCanon digital cameras.$2fast$0(OCoLC)fst01742273
=650  \7$aPhotography$xDigital techniques.$2fast$0(OCoLC)fst01061736
=650  \7$aSingle-lens reflex cameras.$2fast$0(OCoLC)fst01119477
=655  \4$aElectronic books.
=655  \7$aHandbooks and manuals.$2fast$0(OCoLC)fst01423877
=710  2\$aOhio Library and Information Network
=856  40$3Safari Books Online$zConnect to resource$uhttp://proquest.safaribooksonline.com/?uiCode=ohlink&xmlId=9781681983400
=856  40$3Safari Books Online$zConnect to resource (off-campus)$uhttp://proxy.ohiolink.edu:9099/login?url=http://proquest.safaribooksonline.com/?uiCode=ohlink&xmlId=9781681983400
=910  \\$asafari-2018-01

