=LDR  01779cam  2200433Ii 4500
=001  on1019827295
=003  OCoLC
=005  20180305031524.0
=006  m\\\\\o\\d\\\\\\\\
=007  cr\unu||||||||
=008  180117s2017\\\\enka\\\\ob\\\\001\0\eng\d
=040  \\$aUMI$beng$erda$epn$cUMI$dSTF$dOCLCF$dOH1
=020  \\$a9781780173580
=020  \\$a178017358X
=029  1\$aGBVCP$b1014938295
=035  \\$a(OCoLC)1019827295
=037  \\$aCL0500000930$bSafari Books Online
=050  \4$aQA76.585
=049  \\$aOH1A
=100  1\$aLongbottom, Clive,$eauthor.
=245  14$aThe evolution of cloud computing :$cClive Longbottom.$h[electronic resource]
=264  \1$aSwindon, UK :$bBCS Learning & Development,$c[2017]
=264  \4$c©2017
=300  \\$a1 online resource (1 volume) :$billustrations
=336  \\$atext$btxt$2rdacontent
=337  \\$acomputer$bc$2rdamedia
=338  \\$aonline resource$bcr$2rdacarrier
=506  \\$aAvailable to OhioLINK libraries
=588  \\$aDescription based on online resource; title from title page (Safari, viewed January 16, 2018).
=504  \\$aIncludes bibliographical references and index.
=650  \0$aCloud computing.
=650  \0$aInformation technology$xManagement.
=650  \7$aCloud computing.$2fast$0(OCoLC)fst01745899
=650  \7$aInformation technology$xManagement.$2fast$0(OCoLC)fst00973112
=655  \4$aElectronic books.
=710  2\$aOhio Library and Information Network
=856  40$3Safari Books Online$zConnect to resource$uhttp://proquest.safaribooksonline.com/?uiCode=ohlink&xmlId=9781780173580
=856  40$3Safari Books Online$zConnect to resource (off-campus)$uhttp://proxy.ohiolink.edu:9099/login?url=http://proquest.safaribooksonline.com/?uiCode=ohlink&xmlId=9781780173580
=910  \\$asafari-2018-01

