=LDR  02074cam  2200493Ii 4500
=001  on1015687237
=003  OCoLC
=005  20180305031524.0
=006  m\\\\\o\\d\\\\\\\\
=007  cr\unu||||||||
=008  171218s2017\\\\enka\\\\o\\\\\000\0\eng\d
=040  \\$aUMI$beng$erda$epn$cUMI$dIDEBK$dNLE$dOCLCF$dTOH$dSTF$dOH1
=015  \\$aGBB7O8221$2bnb
=020  \\$z9781782168775
=020  \\$a9781782168782
=020  \\$a1782168788
=029  1\$aGBVCP$b1014938325
=035  \\$a(OCoLC)1015687237
=037  \\$aCL0500000920$bSafari Books Online
=050  \4$aTK5105.8885.D78
=082  04$a006.76$223
=049  \\$aOH1A
=100  1\$aSipos, Daniel,$eauthor.
=245  10$aDrupal 8 module development :$cDaniel Sipos.$h[electronic resource]
=246  30$aBuild and customize Drupal 8 modules and extensions efficiently
=264  \1$aBirmingham, UK :$bPackt Publishing,$c2017.
=300  \\$a1 online resource (1 volume) :$billustrations
=336  \\$atext$btxt$2rdacontent
=337  \\$acomputer$bc$2rdamedia
=338  \\$aonline resource$bcr$2rdacarrier
=506  \\$aAvailable to OhioLINK libraries
=588  \\$aDescription based on online resource; title from title page (Safari, viewed December 11, 2017).
=630  00$aDrupal (Computer file)
=630  07$aDrupal (Computer file)$2fast$0(OCoLC)fst01781028
=650  \0$aWeb site development.
=650  \7$aCOMPUTERS$xWeb$xContent Management Systems.$2bisacsh
=650  \7$aCOMPUTERS$xProgramming Languages$xPHP.$2bisacsh
=650  \7$aCOMPUTERS$xWeb$xGeneral.$2bisacsh
=650  \7$aWeb site development.$2fast$0(OCoLC)fst01173243
=655  \4$aElectronic books.
=710  2\$aOhio Library and Information Network
=856  40$3Safari Books Online$zConnect to resource$uhttp://proquest.safaribooksonline.com/?uiCode=ohlink&xmlId=9781782168775
=856  40$3Safari Books Online$zConnect to resource (off-campus)$uhttp://proxy.ohiolink.edu:9099/login?url=http://proquest.safaribooksonline.com/?uiCode=ohlink&xmlId=9781782168775
=910  \\$asafari-2018-01

