=LDR  01961cam  2200469Ii 4500
=001  on1017990312
=003  OCoLC
=005  20180305031524.0
=006  m\\\\\o\\d\\\\\\\\
=007  cr\unu||||||||
=008  180105s2017\\\\enka\\\\o\\\\\000\0\eng\d
=040  \\$aUMI$beng$erda$epn$cUMI$dTOH$dSTF$dIDEBK$dOH1
=020  \\$a9781783283880
=020  \\$a1783283882
=020  \\$z9781783283873
=029  1\$aGBVCP$b1014938368
=035  \\$a(OCoLC)1017990312
=037  \\$aCL0500000923$bSafari Books Online
=050  \4$aQA76.8.R15
=082  04$a005.133$223
=049  \\$aOH1A
=100  1\$aBhadoria, Shantanu,$eauthor.
=245  10$aRaspberry Pi 3 home automation projects :$cShantanu Bhadoria, Ruben Oliva Ramos.$h[electronic resource]
=246  3\$aRaspberry Pi three home automation projects
=246  30$aBringing your home to life using Raspberry Pi 3, Arduino, and ESP8266
=264  \1$aBirmingham, UK :$bPackt Publishing,$c2017.
=300  \\$a1 online resource (1 volume) :$billustrations
=336  \\$atext$btxt$2rdacontent
=337  \\$acomputer$bc$2rdamedia
=338  \\$aonline resource$bcr$2rdacarrier
=506  \\$aAvailable to OhioLINK libraries
=588  \\$aDescription based on online resource; title from title page (Safari, viewed January 3, 2018).
=650  \0$aRaspberry Pi (Computer)$xProgramming.
=650  \0$aHome automation.
=650  \0$aPersonal robotics.
=650  \0$aMicrocomputers$xProgramming.
=655  \4$aElectronic books.
=700  1\$aOliva Ramos, Ruben,$eauthor.
=710  2\$aOhio Library and Information Network
=856  40$3Safari Books Online$zConnect to resource$uhttp://proquest.safaribooksonline.com/?uiCode=ohlink&xmlId=9781783283873
=856  40$3Safari Books Online$zConnect to resource (off-campus)$uhttp://proxy.ohiolink.edu:9099/login?url=http://proquest.safaribooksonline.com/?uiCode=ohlink&xmlId=9781783283873
=910  \\$asafari-2018-01

