=LDR  01776cam  2200421Ii 4500
=001  on1020288718
=003  OCoLC
=005  20180305031524.0
=006  m\\\\\o\\d\\\\\\\\
=007  cr\unu||||||||
=008  180124s2017\\\\enka\\\\o\\\\\000\0\eng\d
=040  \\$aUMI$beng$erda$epn$cUMI$dIDEBK$dOH1
=020  \\$a9781783988440
=020  \\$a1783988444
=020  \\$z9781783554089
=029  1\$aGBVCP$b1014938384
=035  \\$a(OCoLC)1020288718
=037  \\$aCL0500000932$bSafari Books Online
=050  \4$aQA76.9.A25
=082  04$a005.8$223
=049  \\$aOH1A
=100  1\$aOriyano, Sean-Philip,$eauthor.
=245  10$aKali Linux wireless penetration testing cookbook :$cSean-Philip Oriyano.$h[electronic resource]
=264  \1$aBirmingham, UK :$bPackt Publishing,$c2017.
=300  \\$a1 online resource (1 volume) :$billustrations
=336  \\$atext$btxt$2rdacontent
=337  \\$acomputer$bc$2rdamedia
=338  \\$aonline resource$bcr$2rdacarrier
=506  \\$aAvailable to OhioLINK libraries
=588  \\$aDescription based on online resource; title from title page (Safari, viewed January 19, 2018).
=630  00$aKali Linux.
=650  \0$aPenetration testing (Computer security)
=650  \0$aWireless Internet.
=655  \4$aElectronic books.
=710  2\$aOhio Library and Information Network
=856  40$3Safari Books Online$zConnect to resource$uhttp://proquest.safaribooksonline.com/?uiCode=ohlink&xmlId=9781783554089
=856  40$3Safari Books Online$zConnect to resource (off-campus)$uhttp://proxy.ohiolink.edu:9099/login?url=http://proquest.safaribooksonline.com/?uiCode=ohlink&xmlId=9781783554089
=910  \\$asafari-2018-01

