=LDR  01999cam  2200493Ii 4500
=001  on1017754185
=003  OCoLC
=005  20180305031524.0
=006  m\\\\\o\\d\\\\\\\\
=007  cr\unu||||||||
=008  180104s2017\\\\enka\\\\o\\\\\000\0\eng\d
=040  \\$aUMI$beng$erda$epn$cUMI$dIDEBK$dTOH$dSTF$dOCLCF$dOH1
=020  \\$a9781783982615
=020  \\$a1783982616
=020  \\$z9781783982608
=029  1\$aGBVCP$b1014938406
=035  \\$a(OCoLC)1017754185
=037  \\$aCL0500000922$bSafari Books Online
=050  \4$aQA76.9.D3
=082  04$a005.75$223
=049  \\$aOH1A
=100  1\$aGiamas, Alex,$eauthor.
=245  10$aMastering MongoDB 3.x :$cAlex Giamas.$h[electronic resource]
=264  \1$aBirmingham, UK :$bPackt Publishing,$c2017.
=300  \\$a1 online resource (1 volume) :$billustrations
=336  \\$atext$btxt$2rdacontent
=337  \\$acomputer$bc$2rdamedia
=338  \\$aonline resource$bcr$2rdacarrier
=506  \\$aAvailable to OhioLINK libraries
=588  \\$aDescription based on online resource; title from title page (viewed January 2, 2018).
=630  00$aMongoDB.
=630  07$aMongoDB.$2fast$0(OCoLC)fst01787500
=650  \0$aOpen source software.
=650  \0$aObject-oriented databases.
=650  \0$aDatabase management$vSoftware.
=650  \7$aDatabase management.$2fast$0(OCoLC)fst00888037
=650  \7$aObject-oriented databases.$2fast$0(OCoLC)fst01042800
=650  \7$aOpen source software.$2fast$0(OCoLC)fst01046097
=655  \4$aElectronic books.
=655  \7$aSoftware.$2fast$0(OCoLC)fst01411640
=710  2\$aOhio Library and Information Network
=856  40$3Safari Books Online$zConnect to resource$uhttp://proquest.safaribooksonline.com/?uiCode=ohlink&xmlId=9781783982608
=856  40$3Safari Books Online$zConnect to resource (off-campus)$uhttp://proxy.ohiolink.edu:9099/login?url=http://proquest.safaribooksonline.com/?uiCode=ohlink&xmlId=9781783982608
=910  \\$asafari-2018-01

