=LDR  01850cam  2200421Ii 4500
=001  on1018480532
=003  OCoLC
=005  20180305031524.0
=006  m\\\\\o\\d\\\\\\\\
=007  cr\unu||||||||
=008  180110s2017\\\\enka\\\\o\\\\\000\0\eng\d
=040  \\$aUMI$beng$erda$epn$cUMI$dSTF$dOCLCF$dOH1
=020  \\$a9781784394097
=020  \\$a1784394092
=020  \\$z9781784399771
=029  1\$aGBVCP$b1014938457
=035  \\$a(OCoLC)1018480532
=037  \\$aCL0500000925$bSafari Books Online
=050  \4$aQA76.73.P98
=049  \\$aOH1A
=100  0\$aRehim, Rejah,$eauthor.
=245  10$aPython penetration testing cookbook :$cRejah Rehim.$h[electronic resource]
=264  \1$aBirmingham, UK :$bPackt Publishing,$c2017.
=300  \\$a1 online resource (1 volume) :$billustrations
=336  \\$atext$btxt$2rdacontent
=337  \\$acomputer$bc$2rdamedia
=338  \\$aonline resource$bcr$2rdacarrier
=506  \\$aAvailable to OhioLINK libraries
=588  \\$aDescription based on online resource; title from title page (Safari, viewed January 5, 2018).
=650  \0$aPython (Computer program language)
=650  \0$aPenetration testing (Computer security)
=650  \7$aPenetration testing (Computer security)$2fast$0(OCoLC)fst01789566
=650  \7$aPython (Computer program language)$2fast$0(OCoLC)fst01084736
=655  \4$aElectronic books.
=710  2\$aOhio Library and Information Network
=856  40$3Safari Books Online$zConnect to resource$uhttp://proquest.safaribooksonline.com/?uiCode=ohlink&xmlId=9781784399771
=856  40$3Safari Books Online$zConnect to resource (off-campus)$uhttp://proxy.ohiolink.edu:9099/login?url=http://proquest.safaribooksonline.com/?uiCode=ohlink&xmlId=9781784399771
=910  \\$asafari-2018-01

