=LDR  01952cam  2200469Ii 4500
=001  on1015687238
=003  OCoLC
=005  20180305031524.0
=006  m\\\\\o\\d\\\\\\\\
=007  cr\unu||||||||
=008  171218s2017\\\\enka\\\\o\\\\\000\0\eng\d
=040  \\$aUMI$beng$erda$epn$cUMI$dOCLCF$dTOH$dYDX$dOH1
=019  \\$a1007928426
=020  \\$a9781782174752
=020  \\$a1782174753
=020  \\$z9781785280009
=029  1\$aGBVCP$b1014938465
=035  \\$a(OCoLC)1015687238$z(OCoLC)1007928426
=037  \\$aCL0500000920$bSafari Books Online
=050  \4$aQA76.774.L46
=049  \\$aOH1A
=100  1\$aMadieu, John,$eauthor.
=245  10$aLinux deivce drivers development :$cJohn Madieu$h[electronic resource]
=246  30$aDevelop customized drivers for embedded Linux
=264  \1$aBirmingham, UK :$bPackt Publishing,$c2017.
=300  \\$a1 online resource (1 volume) :$billustrations
=336  \\$atext$btxt$2rdacontent
=337  \\$acomputer$bc$2rdamedia
=338  \\$aonline resource$bcr$2rdacarrier
=506  \\$aAvailable to OhioLINK libraries
=588  \\$aDescription based on online resource; title from title page (Safari, viewed December 11, 2017).
=630  00$aLinux.
=630  07$aLinux.$2fast$0(OCoLC)fst01382136
=650  \0$aEmbedded computer systems$xProgramming.
=650  \0$aOperating systems (Computers)
=650  \7$aEmbedded computer systems$xProgramming.$2fast$0(OCoLC)fst00908303
=650  \7$aOperating systems (Computers)$2fast$0(OCoLC)fst01046280
=655  \4$aElectronic books.
=710  2\$aOhio Library and Information Network
=856  40$3Safari Books Online$zConnect to resource$uhttp://proquest.safaribooksonline.com/?uiCode=ohlink&xmlId=9781785280009
=856  40$3Safari Books Online$zConnect to resource (off-campus)$uhttp://proxy.ohiolink.edu:9099/login?url=http://proquest.safaribooksonline.com/?uiCode=ohlink&xmlId=9781785280009
=910  \\$asafari-2018-01

