=LDR  01842cam  2200445Ii 4500
=001  on1020287816
=003  OCoLC
=005  20180305031524.0
=006  m\\\\\o\\d\\\\\\\\
=007  cr\unu||||||||
=008  180124s2017\\\\enka\\\\o\\\\\000\0\eng\d
=040  \\$aUMI$beng$erda$epn$cUMI$dSTF$dOH1
=020  \\$a9781785289750
=020  \\$a1785289756
=020  \\$z9781785282058
=029  1\$aGBVCP$b1014938473
=035  \\$a(OCoLC)1020287816
=037  \\$aCL0500000932$bSafari Books Online
=050  \4$aQA76.59
=049  \\$aOH1A
=100  1\$aMikhailov, Igor,$eauthor.
=245  10$aMobile forensics cookbook :$cIgor Mikhaylov.$h[electronic resource]
=264  \1$aBirmingham, UK :$bPackt Publishing,$c2017.
=300  \\$a1 online resource (1 volume) :$billustrations
=336  \\$atext$btxt$2rdacontent
=337  \\$acomputer$bc$2rdamedia
=338  \\$aonline resource$bcr$2rdacarrier
=506  \\$aAvailable to OhioLINK libraries
=588  \\$aDescription based on online resource; title from title page (Safari, viewed January 19, 2018).
=630  00$aAndroid (Electronic resource)
=630  00$aWindows phone (Computer file)
=630  00$aMicrosoft Windows (Computer file)
=630  00$aiOS (Electronic resource)
=650  \0$aMobile computing$xSecurity measures.
=650  \0$aCell phone systems$xSecurity measures.
=655  \4$aElectronic books.
=710  2\$aOhio Library and Information Network
=856  40$3Safari Books Online$zConnect to resource$uhttp://proquest.safaribooksonline.com/?uiCode=ohlink&xmlId=9781785282058
=856  40$3Safari Books Online$zConnect to resource (off-campus)$uhttp://proxy.ohiolink.edu:9099/login?url=http://proquest.safaribooksonline.com/?uiCode=ohlink&xmlId=9781785282058
=910  \\$asafari-2018-01

