=LDR  01855cam  2200445Ii 4500
=001  on1018480533
=003  OCoLC
=005  20180305031524.0
=006  m\\\\\o\\d\\\\\\\\
=007  cr\unu||||||||
=008  180110s2017\\\\enka\\\\o\\\\\000\0\eng\d
=040  \\$aUMI$beng$erda$epn$cUMI$dIDEBK$dSTF$dOCLCF$dOH1
=020  \\$a9781785885365
=020  \\$a1785885367
=020  \\$z9781785883279
=029  1\$aGBVCP$b1014938554
=035  \\$a(OCoLC)1018480533
=037  \\$aCL0500000925$bSafari Books Online
=050  \4$aQA76.73.J8
=082  04$a004.11$223
=049  \\$aOH1A
=100  1\$aJoshi, Anshul,$eauthor.
=245  10$aLearning Julia :$cAnshul Joshi, Rahul Lakhanpal.$h[electronic resource]
=264  \1$aBirmingham, UK :$bPackt Publishing,$c2017.
=300  \\$a1 online resource (1 volume) :$billustrations
=336  \\$atext$btxt$2rdacontent
=337  \\$acomputer$bc$2rdamedia
=338  \\$aonline resource$bcr$2rdacarrier
=506  \\$aAvailable to OhioLINK libraries
=588  \\$aDescription based on online resource; title from title page (Safari, viewed January 5, 2018).
=650  \0$aJulia (Computer program language)
=650  \0$aApplication software$xDevelopment.
=650  \7$aApplication software$xDevelopment.$2fast$0(OCoLC)fst00811707
=650  \7$aJulia (Computer program language)$2fast$0(OCoLC)fst01938397
=655  \4$aElectronic books.
=700  1\$aLakhanpal, Rahul,$eauthor.
=710  2\$aOhio Library and Information Network
=856  40$3Safari Books Online$zConnect to resource$uhttp://proquest.safaribooksonline.com/?uiCode=ohlink&xmlId=9781785883279
=856  40$3Safari Books Online$zConnect to resource (off-campus)$uhttp://proxy.ohiolink.edu:9099/login?url=http://proquest.safaribooksonline.com/?uiCode=ohlink&xmlId=9781785883279
=910  \\$asafari-2018-01

