=LDR  01933cam  2200457Ii 4500
=001  on1019685187
=003  OCoLC
=005  20180305031524.0
=006  m\\\\\o\\d\\\\\\\\
=007  cr\unu||||||||
=008  180115s2017\\\\enka\\\\o\\\\\000\0\eng\d
=040  \\$aUMI$beng$erda$epn$cUMI$dSTF$dOCLCF$dOH1
=020  \\$a9781785888885
=020  \\$a1785888889
=020  \\$z9781785884306
=029  1\$aGBVCP$b1014938562
=035  \\$a(OCoLC)1019685187
=037  \\$aCL0500000928$bSafari Books Online
=050  \4$aQA76.7
=049  \\$aOH1A
=100  1\$aJohnson, Paul,$eauthor.
=245  10$aLearning Rust :$cPaul Johnson, Vesa Kaihlavirta.$h[electronic resource]
=264  \1$aBirmingham, UK :$bPackt Publishing,$c2017.
=300  \\$a1 online resource (1 volume) :$billustrations
=336  \\$atext$btxt$2rdacontent
=337  \\$acomputer$bc$2rdamedia
=338  \\$aonline resource$bcr$2rdacarrier
=506  \\$aAvailable to OhioLINK libraries
=588  \\$aDescription based on online resource; title from title page (Safari, viewed January 12, 2018).
=650  \0$aProgramming languages (Electronic computers)
=650  \0$aComputer programming.
=650  \0$aApplication software$xDevelopment.
=650  \7$aApplication software$xDevelopment.$2fast$0(OCoLC)fst00811707
=650  \7$aComputer programming.$2fast$0(OCoLC)fst00872390
=650  \7$aProgramming languages (Electronic computers)$2fast$0(OCoLC)fst01078704
=655  \4$aElectronic books.
=700  1\$aKaihlavirta, Vesa,$eauthor.
=710  2\$aOhio Library and Information Network
=856  40$3Safari Books Online$zConnect to resource$uhttp://proquest.safaribooksonline.com/?uiCode=ohlink&xmlId=9781785884306
=856  40$3Safari Books Online$zConnect to resource (off-campus)$uhttp://proxy.ohiolink.edu:9099/login?url=http://proquest.safaribooksonline.com/?uiCode=ohlink&xmlId=9781785884306
=910  \\$asafari-2018-01

