=LDR  02138cam  2200493Ii 4500
=001  on1017738648
=003  OCoLC
=005  20180305031524.0
=006  m\\\\\o\\d\\\\\\\\
=007  cr\unu||||||||
=008  180103s2017\\\\enka\\\\o\\\\\000\0\eng\d
=040  \\$aUMI$beng$erda$epn$cUMI$dIDEBK$dTOH$dOCLCF$dOH1
=020  \\$a9781785889523
=020  \\$a1785889524
=020  \\$z9781785884917
=029  1\$aGBVCP$b1014938570
=035  \\$a(OCoLC)1017738648
=037  \\$aCL0500000921$bSafari Books Online
=050  \4$aTK5105.88813
=082  04$a004.6782$223
=049  \\$aOH1A
=100  1\$aWaly, Mohamed,$eauthor.
=245  10$aLearning Microsoft Azure Storage :$cMohamed Waly.$h[electronic resource]
=246  30$aBuild large-scale, real-world apps by effectively planning, deploying, and implementing Azure Storage solutions
=264  \1$aBirmingham, UK :$bPackt Publishing,$c2017.
=300  \\$a1 online resource (1 volume) :$billustrations
=336  \\$atext$btxt$2rdacontent
=337  \\$acomputer$bc$2rdamedia
=338  \\$aonline resource$bcr$2rdacarrier
=506  \\$aAvailable to OhioLINK libraries
=588  \\$aDescription based on online resource; title from title page (Safari, viewed December 19, 2017).
=630  00$aWindows Azure.
=630  07$aWindows Azure.$2fast$0(OCoLC)fst01796039
=650  \0$aCloud computing.
=650  \0$aWeb services.
=650  \0$aApplication software$xDevelopment.
=650  \7$aApplication software$xDevelopment.$2fast$0(OCoLC)fst00811707
=650  \7$aCloud computing.$2fast$0(OCoLC)fst01745899
=650  \7$aWeb services.$2fast$0(OCoLC)fst01173242
=655  \4$aElectronic books.
=710  2\$aOhio Library and Information Network
=856  40$3Safari Books Online$zConnect to resource$uhttp://proquest.safaribooksonline.com/?uiCode=ohlink&xmlId=9781785884917
=856  40$3Safari Books Online$zConnect to resource (off-campus)$uhttp://proxy.ohiolink.edu:9099/login?url=http://proquest.safaribooksonline.com/?uiCode=ohlink&xmlId=9781785884917
=910  \\$asafari-2018-01

