=LDR  01741cam  2200421Ii 4500
=001  on1019827195
=003  OCoLC
=005  20180305031524.0
=006  m\\\\\o\\d\\\\\\\\
=007  cr\unu||||||||
=008  180117s2017\\\\enka\\\\o\\\\\000\0\eng\d
=040  \\$aUMI$beng$erda$epn$cUMI$dSTF$dOH1
=020  \\$a9781786464361
=020  \\$a1786464365
=020  \\$z9781786460554
=029  1\$aGBVCP$b1014938635
=035  \\$a(OCoLC)1019827195
=037  \\$aCL0500000930$bSafari Books Online
=050  \4$aQA76.76.A54
=049  \\$aOH1A
=100  1\$aNwamba, Christian,$eauthor.
=245  10$aTypeScript 2.x for Angular developers :$cChristian Nwamba.$h[electronic resource]
=264  \1$aBirmingham, UK :$bPackt Publishing,$c2017.
=300  \\$a1 online resource (1 volume) :$billustrations
=336  \\$atext$btxt$2rdacontent
=337  \\$acomputer$bc$2rdamedia
=338  \\$aonline resource$bcr$2rdacarrier
=506  \\$aAvailable to OhioLINK libraries
=588  \\$aDescription based on online resource; title from title page (Safari, viewed January 15, 2018).
=630  00$aAngularJS (Software framework)
=650  \0$aSoftware frameworks.
=650  \0$aWeb applications$xDevelopment.
=650  \0$aTypeScript (Computer program language)
=655  \4$aElectronic books.
=710  2\$aOhio Library and Information Network
=856  40$3Safari Books Online$zConnect to resource$uhttp://proquest.safaribooksonline.com/?uiCode=ohlink&xmlId=9781786460554
=856  40$3Safari Books Online$zConnect to resource (off-campus)$uhttp://proxy.ohiolink.edu:9099/login?url=http://proquest.safaribooksonline.com/?uiCode=ohlink&xmlId=9781786460554
=910  \\$asafari-2018-01

