=LDR  01743cam  2200433Ii 4500
=001  on1020288719
=003  OCoLC
=005  20180305031524.0
=006  m\\\\\o\\d\\\\\\\\
=007  cr\unu||||||||
=008  180124s2017\\\\enka\\\\o\\\\\000\0\eng\d
=040  \\$aUMI$beng$erda$epn$cUMI$dIDEBK$dOH1
=020  \\$a9781786467324
=020  \\$a1786467321
=020  \\$z9781786462541
=029  1\$aGBVCP$b1014938694
=035  \\$a(OCoLC)1020288719
=037  \\$aCL0500000932$bSafari Books Online
=050  \4$aQA76.9.C55
=082  04$a005.7585$223
=049  \\$aOH1A
=100  1\$aChmel, Marek,$eauthor.
=245  10$aSQL Server 2017 administrator's guide :$cMarek Chmel, Vladimír Muz̆ný.$h[electronic resource]
=264  \1$aBirmingham, UK :$bPackt Publishing,$c2017.
=300  \\$a1 online resource (1 volume) :$billustrations
=336  \\$atext$btxt$2rdacontent
=337  \\$acomputer$bc$2rdamedia
=338  \\$aonline resource$bcr$2rdacarrier
=506  \\$aAvailable to OhioLINK libraries
=588  \\$aDescription based on online resource; title from title page (Safari, viewed January 19, 2018).
=630  00$aSQL server.
=650  \0$aClient/server computing.
=650  \0$aDatabase management.
=655  \4$aElectronic books.
=700  1\$aMuz̆ný, Vladimír,$eauthor.
=710  2\$aOhio Library and Information Network
=856  40$3Safari Books Online$zConnect to resource$uhttp://proquest.safaribooksonline.com/?uiCode=ohlink&xmlId=9781786462541
=856  40$3Safari Books Online$zConnect to resource (off-campus)$uhttp://proxy.ohiolink.edu:9099/login?url=http://proquest.safaribooksonline.com/?uiCode=ohlink&xmlId=9781786462541
=910  \\$asafari-2018-01

