=LDR  01882cam  2200457Ii 4500
=001  on1017990313
=003  OCoLC
=005  20180305031524.0
=006  m\\\\\o\\d\\\\\\\\
=007  cr\unu||||||||
=008  180105s2017\\\\enka\\\\o\\\\\000\0\eng\d
=040  \\$aUMI$beng$erda$epn$cUMI$dTOH$dIDEBK$dSTF$dOCLCF$dOH1
=020  \\$a9781786461988
=020  \\$a1786461986
=020  \\$z9781786462961
=029  1\$aGBVCP$b1014938716
=035  \\$a(OCoLC)1017990313
=037  \\$aCL0500000923$bSafari Books Online
=050  \4$aQ325.5
=082  04$a006.31$223
=049  \\$aOH1A
=100  1\$aHua, Quan,$eauthor.
=245  10$aMachine learning with TensorFlow 1.x :$cQuan Hua, Shams Ul Azeem, Saif Ahmed.$h[electronic resource]
=264  \1$aBirmingham, UK :$bPackt Publishing,$c2017.
=300  \\$a1 online resource (1 volume) :$billustrations
=336  \\$atext$btxt$2rdacontent
=337  \\$acomputer$bc$2rdamedia
=338  \\$aonline resource$bcr$2rdacarrier
=506  \\$aAvailable to OhioLINK libraries
=588  \\$aDescription based on online resource; title from title page (Safari, viewed January 3, 2018).
=650  \0$aMachine learning.
=650  \0$aArtificial intelligence.
=650  \7$aArtificial intelligence.$2fast$0(OCoLC)fst00817247
=650  \7$aMachine learning.$2fast$0(OCoLC)fst01004795
=655  \4$aElectronic books.
=700  1\$aAzeem, Shams Ul,$eauthor.
=700  1\$aAhmed, Saif,$eauthor.
=710  2\$aOhio Library and Information Network
=856  40$3Safari Books Online$zConnect to resource$uhttp://proquest.safaribooksonline.com/?uiCode=ohlink&xmlId=9781786462961
=856  40$3Safari Books Online$zConnect to resource (off-campus)$uhttp://proxy.ohiolink.edu:9099/login?url=http://proquest.safaribooksonline.com/?uiCode=ohlink&xmlId=9781786462961
=910  \\$asafari-2018-01

