=LDR  01724cam  2200409Ii 4500
=001  on1017754246
=003  OCoLC
=005  20180305031524.0
=006  m\\\\\o\\d\\\\\\\\
=007  cr\unu||||||||
=008  180104s2017\\\\enka\\\\o\\\\\000\0\eng\d
=040  \\$aUMI$beng$erda$epn$cUMI$dTOH$dOCLCF$dOH1
=020  \\$a9781786468208
=020  \\$a1786468204
=020  \\$z9781786463784
=029  1\$aGBVCP$b1014938724
=035  \\$a(OCoLC)1017754246
=037  \\$aCL0500000922$bSafari Books Online
=050  \4$aQA76.76.A65
=049  \\$aOH1A
=100  1\$aTurnquist, Greg Lee,$eauthor.
=245  10$aLearning Spring Boot 2.0 :$cGreg L. Turnquist.$h[electronic resource]
=250  \\$aSecond edition.
=264  \1$aBirmingham, UK :$bPackt Publishing,$c2017.
=300  \\$a1 online resource (1 volume) :$billustrations
=336  \\$atext$btxt$2rdacontent
=337  \\$acomputer$bc$2rdamedia
=338  \\$aonline resource$bcr$2rdacarrier
=506  \\$aAvailable to OhioLINK libraries
=588  \\$aDescription based on online resource; title from title page (viewed January 3, 2018).
=650  \0$aApplication software$xDevelopment.
=650  \7$aApplication software$xDevelopment.$2fast$0(OCoLC)fst00811707
=655  \4$aElectronic books.
=710  2\$aOhio Library and Information Network
=856  40$3Safari Books Online$zConnect to resource$uhttp://proquest.safaribooksonline.com/?uiCode=ohlink&xmlId=9781786463784
=856  40$3Safari Books Online$zConnect to resource (off-campus)$uhttp://proxy.ohiolink.edu:9099/login?url=http://proquest.safaribooksonline.com/?uiCode=ohlink&xmlId=9781786463784
=910  \\$asafari-2018-01

