=LDR  01761cam  2200421Ii 4500
=001  on1018480534
=003  OCoLC
=005  20180305031524.0
=006  m\\\\\o\\d\\\\\\\\
=007  cr\unu||||||||
=008  180110s2017\\\\enka\\\\o\\\\\000\0\eng\d
=040  \\$aUMI$beng$erda$epn$cUMI$dIDEBK$dOH1
=020  \\$a9781786461605
=020  \\$a1786461609
=020  \\$z9781786466617
=029  1\$aGBVCP$b1014938767
=035  \\$a(OCoLC)1018480534
=037  \\$aCL0500000925$bSafari Books Online
=050  \4$aHD30.213
=082  04$a658.812028553$223
=049  \\$aOH1A
=100  1\$aSomani, Deepesh,$eauthor.
=245  10$aMastering Microsoft Dynamics CRM 2016 :$cDeepesh Somani.$h[electronic resource]
=246  30$aAdvanced guide for effective Dynamics CRM customization and development
=264  \1$aBirmingham, UK :$bPackt Publishing,$c2017.
=300  \\$a1 online resource (1 volume) :$billustrations
=336  \\$atext$btxt$2rdacontent
=337  \\$acomputer$bc$2rdamedia
=338  \\$aonline resource$bcr$2rdacarrier
=506  \\$aAvailable to OhioLINK libraries
=588  \\$aDescription based on online resource; title from title page (Safari, viewed January 5, 2018).
=630  00$aMicrosoft CRM.
=650  \0$aCustomer relations$xManagement$xComputer programs.
=655  \4$aElectronic books.
=710  2\$aOhio Library and Information Network
=856  40$3Safari Books Online$zConnect to resource$uhttp://proquest.safaribooksonline.com/?uiCode=ohlink&xmlId=9781786466617
=856  40$3Safari Books Online$zConnect to resource (off-campus)$uhttp://proxy.ohiolink.edu:9099/login?url=http://proquest.safaribooksonline.com/?uiCode=ohlink&xmlId=9781786466617
=910  \\$asafari-2018-01

