=LDR  02035cam  2200481Ii 4500
=001  on1018480535
=003  OCoLC
=005  20180305031524.0
=006  m\\\\\o\\d\\\\\\\\
=007  cr\unu||||||||
=008  180110s2017\\\\enka\\\\o\\\\\000\0\eng\d
=040  \\$aUMI$beng$erda$epn$cUMI$dIDEBK$dSTF$dOCLCF$dOH1
=020  \\$a9781786467478
=020  \\$a178646747X
=020  \\$z9781786467041
=029  1\$aGBVCP$b1014938783
=035  \\$a(OCoLC)1018480535
=037  \\$aCL0500000925$bSafari Books Online
=050  \4$aQA76.59
=082  04$a005.1$223
=049  \\$aOH1A
=100  1\$aDrongelen, Mike van,$eauthor.
=245  10$aLean mobile app development :$cMike van Drongelen [and four others].$h[electronic resource]
=264  \1$aBirmingham, UK :$bPackt Publishing,$c2017.
=300  \\$a1 online resource (1 volume) :$billustrations
=336  \\$atext$btxt$2rdacontent
=337  \\$acomputer$bc$2rdamedia
=338  \\$aonline resource$bcr$2rdacarrier
=506  \\$aAvailable to OhioLINK libraries
=588  \\$aDescription based on online resource; title from title page (Safari, viewed January 5, 2018).
=630  00$aiOS (Electronic resource)
=630  00$aAndroid (Electronic resource)
=630  07$aAndroid (Electronic resource)$2fast$0(OCoLC)fst01776064
=630  07$aiOS (Electronic resource)$2fast$0(OCoLC)fst01784820
=650  \0$aMobile apps.
=650  \0$aApplication software$xDevelopment.
=650  \7$aApplication software$xDevelopment.$2fast$0(OCoLC)fst00811707
=650  \7$aMobile apps.$2fast$0(OCoLC)fst01909896
=655  \4$aElectronic books.
=710  2\$aOhio Library and Information Network
=856  40$3Safari Books Online$zConnect to resource$uhttp://proquest.safaribooksonline.com/?uiCode=ohlink&xmlId=9781786467041
=856  40$3Safari Books Online$zConnect to resource (off-campus)$uhttp://proxy.ohiolink.edu:9099/login?url=http://proquest.safaribooksonline.com/?uiCode=ohlink&xmlId=9781786467041
=910  \\$asafari-2018-01

