=LDR  01936cam  2200457Ii 4500
=001  on1017990314
=003  OCoLC
=005  20180305031524.0
=006  m\\\\\o\\d\\\\\\\\
=007  cr\unu||||||||
=008  180105s2017\\\\enka\\\\o\\\\\000\0\eng\d
=040  \\$aUMI$beng$erda$epn$cUMI$dTOH$dIDEBK$dSTF$dOCLCF$dOH1
=020  \\$a9781786463227
=020  \\$a1786463229
=020  \\$z9781786469007
=029  1\$aGBVCP$b1014938848
=035  \\$a(OCoLC)1017990314
=037  \\$aCL0500000923$bSafari Books Online
=050  \4$aQA76.76.O62
=082  04$a016.973460924$223
=049  \\$aOH1A
=100  1\$aGrubor, Srdjan,$eauthor.
=245  10$aDeployment with Docker :$cSrdjan Grubor.$h[electronic resource]
=264  \1$aBirmingham, UK :$bPackt Publishing,$c2017.
=300  \\$a1 online resource (1 volume) :$billustrations
=336  \\$atext$btxt$2rdacontent
=337  \\$acomputer$bc$2rdamedia
=338  \\$aonline resource$bcr$2rdacarrier
=506  \\$aAvailable to OhioLINK libraries
=588  \\$aDescription based on online resource; title from title page (Safari, viewed January 3, 2018).
=650  \0$aOpen source software.
=650  \0$aApplication software$xDevelopment.
=650  \0$aCloud computing.
=650  \7$aApplication software$xDevelopment.$2fast$0(OCoLC)fst00811707
=650  \7$aCloud computing.$2fast$0(OCoLC)fst01745899
=650  \7$aOpen source software.$2fast$0(OCoLC)fst01046097
=655  \4$aElectronic books.
=710  2\$aOhio Library and Information Network
=856  40$3Safari Books Online$zConnect to resource$uhttp://proquest.safaribooksonline.com/?uiCode=ohlink&xmlId=9781786469007
=856  40$3Safari Books Online$zConnect to resource (off-campus)$uhttp://proxy.ohiolink.edu:9099/login?url=http://proquest.safaribooksonline.com/?uiCode=ohlink&xmlId=9781786469007
=910  \\$asafari-2018-01

