=LDR  01767cam  2200409Ii 4500
=001  on1015687239
=003  OCoLC
=005  20180305031524.0
=006  m\\\\\o\\d\\\\\\\\
=007  cr\unu||||||||
=008  171218s2017\\\\enka\\\\o\\\\\000\0\eng\d
=040  \\$aUMI$beng$erda$epn$cUMI$dTOH$dSTF$dOH1
=020  \\$a9781786466969
=020  \\$a1786466961
=020  \\$z9781786469878
=029  1\$aGBVCP$b1014938872
=035  \\$a(OCoLC)1015687239
=037  \\$aCL0500000920$bSafari Books Online
=050  \4$aQ325.5
=049  \\$aOH1A
=100  1\$aBonnin, Rodolfo,$eauthor.
=245  10$aMachine learning for developers :$cRodolfo Bonnin.$h[electronic resource]
=246  30$aUplift your regular applications with the power of statistics, analytics, and machine learning
=264  \1$aBirmingham, UK :$bPackt Publishing,$c2017.
=300  \\$a1 online resource (1 volume) :$billustrations
=336  \\$atext$btxt$2rdacontent
=337  \\$acomputer$bc$2rdamedia
=338  \\$aonline resource$bcr$2rdacarrier
=506  \\$aAvailable to OhioLINK libraries
=588  \\$aDescription based on online resource; title from title page (Safari, viewed December 11, 2017).
=650  \0$aMachine learning$xDevelopment.
=650  \0$aApplication software$xDevelopment.
=655  \4$aElectronic books.
=710  2\$aOhio Library and Information Network
=856  40$3Safari Books Online$zConnect to resource$uhttp://proquest.safaribooksonline.com/?uiCode=ohlink&xmlId=9781786469878
=856  40$3Safari Books Online$zConnect to resource (off-campus)$uhttp://proxy.ohiolink.edu:9099/login?url=http://proquest.safaribooksonline.com/?uiCode=ohlink&xmlId=9781786469878
=910  \\$asafari-2018-01

