=LDR  02108cam  2200481Ii 4500
=001  on1017990315
=003  OCoLC
=005  20180305031524.0
=006  m\\\\\o\\d\\\\\\\\
=007  cr\unu||||||||
=008  180105s2017\\\\enka\\\\o\\\\\000\0\eng\d
=040  \\$aUMI$beng$erda$epn$cUMI$dTOH$dSTF$dOCLCF$dOH1
=020  \\$a9781787129573
=020  \\$a1787129578
=020  \\$z9781787121300
=029  1\$aGBVCP$b1014938902
=035  \\$a(OCoLC)1017990315
=037  \\$aCL0500000923$bSafari Books Online
=050  \4$aQA76.76.M52
=049  \\$aOH1A
=100  1\$aPosadas Marino,$eauthor.
=245  10$aDependency injection in .NET Core 2.0 :$cMarino Posadas, Tadit Dash.$h[electronic resource]
=264  \1$aBirmingham, UK :$bPackt Publishing,$c2017.
=300  \\$a1 online resource (1 volume) :$billustrations
=336  \\$atext$btxt$2rdacontent
=337  \\$acomputer$bc$2rdamedia
=338  \\$aonline resource$bcr$2rdacarrier
=506  \\$aAvailable to OhioLINK libraries
=588  \\$aDescription based on online resource; title from title page (Safari, viewed January 3, 2018).
=630  00$aMicrosoft .NET Framework.
=630  00$aMicrosoft Visual studio.
=630  07$aMicrosoft .NET Framework.$2fast$0(OCoLC)fst01020083
=630  07$aMicrosoft Visual studio.$2fast$0(OCoLC)fst01389599
=650  \0$aC# (Computer program language)
=650  \0$aApplication software$xDevelopment.
=650  \7$aApplication software$xDevelopment.$2fast$0(OCoLC)fst00811707
=650  \7$aC# (Computer program language)$2fast$0(OCoLC)fst00843284
=655  \4$aElectronic books.
=700  1\$aDash, Tadit,$eauthor.
=710  2\$aOhio Library and Information Network
=856  40$3Safari Books Online$zConnect to resource$uhttp://proquest.safaribooksonline.com/?uiCode=ohlink&xmlId=9781787121300
=856  40$3Safari Books Online$zConnect to resource (off-campus)$uhttp://proxy.ohiolink.edu:9099/login?url=http://proquest.safaribooksonline.com/?uiCode=ohlink&xmlId=9781787121300
=910  \\$asafari-2018-01

