=LDR  01956cam  2200469Ii 4500
=001  on1018480584
=003  OCoLC
=005  20180305031524.0
=006  m\\\\\o\\d\\\\\\\\
=007  cr\unu||||||||
=008  180110s2017\\\\enka\\\\o\\\\\000\0\eng\d
=040  \\$aUMI$beng$erda$epn$cUMI$dIDEBK$dNLE$dSTF$dOCLCF$dOH1
=020  \\$a9781787129238
=020  \\$a1787129233
=020  \\$z9781787124462
=029  1\$aGBVCP$b101493902X
=035  \\$a(OCoLC)1018480584
=037  \\$aCL0500000925$bSafari Books Online
=050  \4$aQA76.9.D343
=082  04$a519.502855133$223
=049  \\$aOH1A
=100  1\$aCirillo, Andrea,$eauthor.
=245  10$aR data mining :$cAndrea Cirillo.$h[electronic resource]
=264  \1$aBirmingham, UK :$bPackt Publishing,$c2017.
=300  \\$a1 online resource (1 volume) :$billustrations
=336  \\$atext$btxt$2rdacontent
=337  \\$acomputer$bc$2rdamedia
=338  \\$aonline resource$bcr$2rdacarrier
=506  \\$aAvailable to OhioLINK libraries
=588  \\$aDescription based on online resource; title from title page (Safari, viewed January 9, 2018).
=650  \0$aData mining.
=650  \0$aR (Computer program language)
=650  \7$aCOMPUTERS$xDatabases$xData Mining.$2bisacsh
=650  \7$aCOMPUTERS$xData Processing.$2bisacsh
=650  \7$aCOMPUTERS$xData Modeling & Design.$2bisacsh
=650  \7$aData mining.$2fast$0(OCoLC)fst00887946
=650  \7$aR (Computer program language)$2fast$0(OCoLC)fst01086207
=655  \4$aElectronic books.
=710  2\$aOhio Library and Information Network
=856  40$3Safari Books Online$zConnect to resource$uhttp://proquest.safaribooksonline.com/?uiCode=ohlink&xmlId=9781787124462
=856  40$3Safari Books Online$zConnect to resource (off-campus)$uhttp://proxy.ohiolink.edu:9099/login?url=http://proquest.safaribooksonline.com/?uiCode=ohlink&xmlId=9781787124462
=910  \\$asafari-2018-01

