=LDR  02132cam  2200505Ii 4500
=001  on1019827266
=003  OCoLC
=005  20180305031524.0
=006  m\\\\\o\\d\\\\\\\\
=007  cr\unu||||||||
=008  180117s2017\\\\enka\\\\o\\\\\000\0\eng\d
=040  \\$aUMI$beng$erda$epn$cUMI$dNLE$dSTF$dOCLCF$dIDEBK$dOH1
=020  \\$a9781787125940
=020  \\$a1787125947
=020  \\$z9781787124929
=029  1\$aGBVCP$b1014939046
=035  \\$a(OCoLC)1019827266
=037  \\$aCL0500000930$bSafari Books Online
=050  \4$aQA76.76.A54
=082  04$a005.2762$223
=049  \\$aOH1A
=100  1\$aNoring, Christoffer,$eauthor.
=245  10$aLearning Angular :$cChristoffer Noring, Pablo Deeleman.$h[electronic resource]
=250  \\$aSecond edition.
=264  \1$aBirmingham, UK :$bPackt Publishing,$c2017.
=300  \\$a1 online resource (1 volume) :$billustrations
=336  \\$atext$btxt$2rdacontent
=337  \\$acomputer$bc$2rdamedia
=338  \\$aonline resource$bcr$2rdacarrier
=506  \\$aAvailable to OhioLINK libraries
=588  \\$aDescription based on online resource; title from title page (Safari, viewed January 15, 2018).
=500  \\$aPrevious edition published: 2016.
=630  00$aAngularJS (Software framework)
=630  07$aAngularJS (Software framework)$2fast$0(OCoLC)fst01920441
=650  \0$aApplication software$xDevelopment.
=650  \7$aCOMPUTERS$xProgramming Languages$xJavaScript.$2bisacsh
=650  \7$aCOMPUTERS$xProgramming$xGeneral.$2bisacsh
=650  \7$aCOMPUTERS$xWeb$xDesign.$2bisacsh
=650  \7$aApplication software$xDevelopment.$2fast$0(OCoLC)fst00811707
=655  \4$aElectronic books.
=700  1\$aDeeleman, Pablo,$eauthor.
=710  2\$aOhio Library and Information Network
=856  40$3Safari Books Online$zConnect to resource$uhttp://proquest.safaribooksonline.com/?uiCode=ohlink&xmlId=9781787124929
=856  40$3Safari Books Online$zConnect to resource (off-campus)$uhttp://proxy.ohiolink.edu:9099/login?url=http://proquest.safaribooksonline.com/?uiCode=ohlink&xmlId=9781787124929
=910  \\$asafari-2018-01

