=LDR  02281cam  2200517Ii 4500
=001  on1015687240
=003  OCoLC
=005  20180305031524.0
=006  m\\\\\o\\d\\\\\\\\
=007  cr\unu||||||||
=008  171218s2017\\\\enka\\\\o\\\\\000\0\eng\d
=040  \\$aUMI$beng$erda$epn$cUMI$dIDEBK$dNLE$dOCLCF$dTOH$dOH1
=015  \\$aGBB7O8222$2bnb
=020  \\$a9781787122253
=020  \\$a1787122255
=020  \\$z9781787125193
=029  1\$aGBVCP$b1014939054
=035  \\$a(OCoLC)1015687240
=037  \\$aCL0500000920$bSafari Books Online
=050  \4$aQA76.73.P98
=082  04$a005.133$223
=049  \\$aOH1A
=100  1\$aBakker, Indra den,$eauthor.
=245  10$aPython deep learning cookbook :$cIndra den Bakker.$h[electronic resource]
=246  30$aOver 75 practical recipes on neural network modeling, reinforcement learning, and transfer learning using Python
=264  \1$aBirmingham, UK :$bPackt Publishing,$c2017.
=300  \\$a1 online resource (1 volume) :$billustrations
=336  \\$atext$btxt$2rdacontent
=337  \\$acomputer$bc$2rdamedia
=338  \\$aonline resource$bcr$2rdacarrier
=506  \\$aAvailable to OhioLINK libraries
=588  \\$aDescription based on online resource; title from title page (Safari, viewed December 11, 2017).
=650  \0$aPython (Computer program language)
=650  \0$aMachine learning.
=650  \0$aComputer programming.
=650  \7$aCOMPUTERS$xNeural Networks.$2bisacsh
=650  \7$aCOMPUTERS$xMachine Theory.$2bisacsh
=650  \7$aCOMPUTERS$xIntelligence (AI) & Semantics.$2bisacsh
=650  \7$aComputer programming.$2fast$0(OCoLC)fst00872390
=650  \7$aMachine learning.$2fast$0(OCoLC)fst01004795
=650  \7$aPython (Computer program language)$2fast$0(OCoLC)fst01084736
=655  \4$aElectronic books.
=710  2\$aOhio Library and Information Network
=856  40$3Safari Books Online$zConnect to resource$uhttp://proquest.safaribooksonline.com/?uiCode=ohlink&xmlId=9781787125193
=856  40$3Safari Books Online$zConnect to resource (off-campus)$uhttp://proxy.ohiolink.edu:9099/login?url=http://proquest.safaribooksonline.com/?uiCode=ohlink&xmlId=9781787125193
=910  \\$asafari-2018-01

