=LDR  02080cam  2200493Ii 4500
=001  on1019129023
=003  OCoLC
=005  20180305031524.0
=006  m\\\\\o\\d\\\\\\\\
=007  cr\unu||||||||
=008  180111s2017\\\\enka\\\\o\\\\\001\0\eng\d
=040  \\$aUMI$beng$erda$epn$cUMI$dUMI$dIDEBK$dTOH$dSTF$dOCLCF$dOH1
=020  \\$a9781787126343
=020  \\$a178712634X
=020  \\$z9781787126046
=029  1\$aGBVCP$b1014939135
=035  \\$a(OCoLC)1019129023
=037  \\$aCL0500000927$bSafari Books Online
=050  \4$aQA76.76.A65
=082  04$a005.1$223
=049  \\$aOH1A
=100  1\$aFedosejev, Artemij,$eauthor.
=245  10$aReact 16 essentials :$cArtemij Fedosejev, Adam Boduch.$h[electronic resource]
=250  \\$aSecond edition.
=264  \1$aBirmingham, UK :$bPackt Publishing,$c2017.
=300  \\$a1 online resource (1 volume) :$billustrations
=336  \\$atext$btxt$2rdacontent
=337  \\$acomputer$bc$2rdamedia
=338  \\$aonline resource$bcr$2rdacarrier
=506  \\$aAvailable to OhioLINK libraries
=588  \\$aDescription based on online resource; title from cover (viewed January 9, 2018).
=500  \\$aIncludes index.
=650  \0$aApplication software$xDevelopment.
=650  \0$aJavaScript (Computer program language)
=650  \0$aWeb sites$xDevelopment.
=650  \7$aApplication software$xDevelopment.$2fast$0(OCoLC)fst00811707
=650  \7$aJavaScript (Computer program language)$2fast$0(OCoLC)fst00982071
=650  \7$aWeb site development.$2fast$0(OCoLC)fst01173243
=655  \4$aElectronic books.
=700  1\$aBoduch, Adam,$eauthor.
=710  2\$aOhio Library and Information Network
=856  40$3Safari Books Online$zConnect to resource$uhttp://proquest.safaribooksonline.com/?uiCode=ohlink&xmlId=9781787126046
=856  40$3Safari Books Online$zConnect to resource (off-campus)$uhttp://proxy.ohiolink.edu:9099/login?url=http://proquest.safaribooksonline.com/?uiCode=ohlink&xmlId=9781787126046
=910  \\$asafari-2018-01

