=LDR  02003cam  2200481Ii 4500
=001  on1015687143
=003  OCoLC
=005  20180305031524.0
=006  m\\\\\o\\d\\\\\\\\
=007  cr\cnu---unuuu
=008  171218s2017\\\\enka\\\\o\\\\\000\0\eng\d
=040  \\$aUMI$beng$erda$epn$cUMI$dIDEBK$dOCLCF$dTOH$dN$T$dOH1
=019  \\$a1025341134
=020  \\$a9781787121713$q(electronic bk.)
=020  \\$a1787121712$q(electronic bk.)
=020  \\$z9781787126305
=029  1\$aGBVCP$b1014939151
=035  \\$a(OCoLC)1015687143$z(OCoLC)1025341134
=050  \4$aQA76.73
=072  \7$aCOM$x051010$2bisacsh
=082  04$a005.446$223
=049  \\$aOH1A
=100  1\$aDent, Chris,$eauthor.
=245  10$aMastering Windows PowerShell scripting :$cChris Dent, Brenton J.W. Blawat.$h[electronic resource]
=246  30$aOne-stop guide to automating administrative tasks
=250  \\$aSecond edition.
=264  \1$aBirmingham, UK :$bPackt Publising,$c2017.
=300  \\$a1 online resource (1 volume) :$billustrations
=336  \\$atext$btxt$2rdacontent
=337  \\$acomputer$bc$2rdamedia
=338  \\$aonline resource$bcr$2rdacarrier
=506  \\$aAvailable to OhioLINK libraries
=588  0\$aOnline resource; title from PDF title page (EBSCO, viewed March 5, 2018)
=630  00$aMicrosoft Windows (Computer file)
=650  \0$aWindows PowerShell (Computer program language)
=650  \0$aCommand languages (Computer science)
=650  \7$aCOMPUTERS / Programming Languages / General.$2bisacsh
=655  \4$aElectronic books.
=700  1\$aBlawat, Brenton J. W.,$eauthor.
=710  2\$aOhio Library and Information Network
=856  40$3Safari Books Online$zConnect to resource$uhttp://proquest.safaribooksonline.com/?uiCode=ohlink&xmlId=9781787126305
=856  40$3Safari Books Online$zConnect to resource (off-campus)$uhttp://proxy.ohiolink.edu:9099/login?url=http://proquest.safaribooksonline.com/?uiCode=ohlink&xmlId=9781787126305
=910  \\$asafari-2018-01

