=LDR  02108cam  2200481Ii 4500
=001  on1019129024
=003  OCoLC
=005  20180305031524.0
=006  m\\\\\o\\d\\\\\\\\
=007  cr\unu||||||||
=008  180111s2017\\\\enka\\\\o\\\\\000\0\eng\d
=040  \\$aUMI$beng$erda$epn$cUMI$dIDEBK$dTOH$dNLE$dSTF$dOCLCF$dTEFOD$dOH1
=020  \\$a9781787129443$q(electronic bk.)
=020  \\$a1787129446$q(electronic bk.)
=020  \\$z9781787127463
=029  1\$aGBVCP$b1014939208
=035  \\$a(OCoLC)1019129024
=037  \\$aCL0500000927$bSafari Books Online
=037  \\$aE899BD7B-026A-4AE1-A4D0-1BC03E134690$bOverDrive, Inc.$nhttp://www.overdrive.com
=050  \4$aQA76.73.J39
=082  04$a005.276$223
=049  \\$aOH1A
=100  1\$aChau, Guillaume,$eauthor.
=245  10$aVue.js 2 web development projects :$cGuillaume Chau.$h[electronic resource]
=264  \1$aBirmingham, UK :$bPackt Publishing,$c2017.
=300  \\$a1 online resource (1 volume) :$billustrations
=336  \\$atext$btxt$2rdacontent
=337  \\$acomputer$bc$2rdamedia
=338  \\$aonline resource$bcr$2rdacarrier
=506  \\$aAvailable to OhioLINK libraries
=588  \\$aDescription based on online resource; title from title page (viewed January 9, 2018).
=650  \0$aJavaScript (Computer program language)
=650  \0$aWeb site development.
=650  \7$aCOMPUTERS$xProgramming Languages$xJavaScript.$2bisacsh
=650  \7$aCOMPUTERS$xProgramming Languages$xGeneral.$2bisacsh
=650  \7$aCOMPUTERS$xWeb$xDesign.$2bisacsh
=650  \7$aJavaScript (Computer program language)$2fast$0(OCoLC)fst00982071
=650  \7$aWeb site development.$2fast$0(OCoLC)fst01173243
=655  \4$aElectronic books.
=710  2\$aOhio Library and Information Network
=856  40$3Safari Books Online$zConnect to resource$uhttp://proquest.safaribooksonline.com/?uiCode=ohlink&xmlId=9781787127463
=856  40$3Safari Books Online$zConnect to resource (off-campus)$uhttp://proxy.ohiolink.edu:9099/login?url=http://proquest.safaribooksonline.com/?uiCode=ohlink&xmlId=9781787127463
=910  \\$asafari-2018-01

