=LDR  01803cam  2200445Ii 4500
=001  on1018480160
=003  OCoLC
=005  20180305031524.0
=006  m\\\\\o\\d\\\\\\\\
=007  cr\unu||||||||
=008  180110s2017\\\\enka\\\\ob\\\\000\0\eng\d
=040  \\$aUMI$beng$erda$epn$cUMI$dIDEBK$dSTF$dOH1
=020  \\$a9781787126466
=020  \\$a1787126463
=020  \\$z9781787129511
=029  1\$aGBVCP$b1014939275
=035  \\$a(OCoLC)1018480160
=037  \\$aCL0500000925$bSafari Books Online
=050  \4$aQA76.76.A65
=082  04$a005.8$223
=049  \\$aOH1A
=100  1\$aNachimuthu, Nanda,$eauthor.
=245  10$aSpring Security :$cMick Knutson, Robert Winch, Peter Mularien.$h[electronic resource]
=250  \\$aThird edition.
=264  \1$aBirmingham, UK :$bPackt Publishing,$c2017.
=300  \\$a1 online resource (1 volume) :$billustrations
=336  \\$atext$btxt$2rdacontent
=337  \\$acomputer$bc$2rdamedia
=338  \\$aonline resource$bcr$2rdacarrier
=506  \\$aAvailable to OhioLINK libraries
=588  \\$aDescription based on online resource; title from title page (Safari, viewed January 5, 2018).
=504  \\$aIncludes bibliographical references.
=630  00$aSpring (Software framework)
=650  \0$aWeb applications$xSecurity measures.
=650  \0$aComputer security.
=655  \4$aElectronic books.
=710  2\$aOhio Library and Information Network
=856  40$3Safari Books Online$zConnect to resource$uhttp://proquest.safaribooksonline.com/?uiCode=ohlink&xmlId=9781787129511
=856  40$3Safari Books Online$zConnect to resource (off-campus)$uhttp://proxy.ohiolink.edu:9099/login?url=http://proquest.safaribooksonline.com/?uiCode=ohlink&xmlId=9781787129511
=910  \\$asafari-2018-01

