=LDR  01645cam  2200397Ii 4500
=001  on1020288749
=003  OCoLC
=005  20180305031524.0
=006  m\\\\\o\\d\\\\\\\\
=007  cr\unu||||||||
=008  180124s2017\\\\enka\\\\o\\\\\000\0\eng\d
=040  \\$aUMI$beng$erda$epn$cUMI$dSTF$dOH1
=020  \\$a9781787280878
=020  \\$a178728087X
=020  \\$z9781787280038
=029  1\$aGBVCP$b1014939283
=035  \\$a(OCoLC)1020288749
=037  \\$aCL0500000932$bSafari Books Online
=050  \4$aQA76.73.T97
=049  \\$aOH1A
=100  1\$aOhri, Sachin,$eauthor.
=245  10$aTypeScript 2.x by example :$cSachin Ohri.$h[electronic resource]
=264  \1$aBirmingham, UK :$bPackt Publishing,$c2017.
=300  \\$a1 online resource (1 volume) :$billustrations
=336  \\$atext$btxt$2rdacontent
=337  \\$acomputer$bc$2rdamedia
=338  \\$aonline resource$bcr$2rdacarrier
=506  \\$aAvailable to OhioLINK libraries
=588  \\$aDescription based on online resource; title from title page (Safari, viewed January 18, 2018).
=650  \0$aTypeScript (Computer program language)
=650  \0$aWeb applications$xDevelopment.
=655  \4$aElectronic books.
=710  2\$aOhio Library and Information Network
=856  40$3Safari Books Online$zConnect to resource$uhttp://proquest.safaribooksonline.com/?uiCode=ohlink&xmlId=9781787280038
=856  40$3Safari Books Online$zConnect to resource (off-campus)$uhttp://proxy.ohiolink.edu:9099/login?url=http://proquest.safaribooksonline.com/?uiCode=ohlink&xmlId=9781787280038
=910  \\$asafari-2018-01

