=LDR  02219cam  2200529Ii 4500
=001  on1019685188
=003  OCoLC
=005  20180305031524.0
=006  m\\\\\o\\d\\\\\\\\
=007  cr\unu||||||||
=008  180115s2017\\\\enkab\\\o\\\\\000\0\eng\d
=040  \\$aUMI$beng$erda$epn$cUMI$dIDEBK$dSTF$dOCLCF$dOH1
=020  \\$a9781787284258
=020  \\$a1787284255
=020  \\$z9781787280175
=029  1\$aGBVCP$b1014939291
=035  \\$a(OCoLC)1019685188
=037  \\$aCL0500000928$bSafari Books Online
=050  \4$aQA76.73.J39
=082  04$a006.312$223
=049  \\$aOH1A
=100  1\$aNewton, Thomas,$eauthor.
=245  10$aLearning D3.js 4 mapping :$cThomas Newton, Oscar Villarreal, Lars Verspohl.$h[electronic resource]
=246  30$aBuild cutting-edge maps and visualizations with JavaScript
=246  3\$aLearning D3.js four mapping
=250  \\$aSecond edition.
=264  \1$aBirmingham, UK :$bPackt Publishing,$c2017.
=300  \\$a1 online resource (1 volume) :$billustrations, maps
=336  \\$atext$btxt$2rdacontent
=337  \\$acomputer$bc$2rdamedia
=338  \\$aonline resource$bcr$2rdacarrier
=506  \\$aAvailable to OhioLINK libraries
=588  \\$aDescription based on online resource; title from title page (Safari, viewed January 12, 2018).
=500  \\$aPrevious edition published: 2014.
=650  \0$aJavaScript (Computer program language)
=650  \0$aInformation visualization.
=650  \0$aDigital mapping.
=650  \7$aDigital mapping.$2fast$0(OCoLC)fst00893710
=650  \7$aInformation visualization.$2fast$0(OCoLC)fst00973185
=650  \7$aJavaScript (Computer program language)$2fast$0(OCoLC)fst00982071
=655  \4$aElectronic books.
=700  1\$aVillarreal, Oscar,$eauthor.
=700  1\$aVerspohl, Lars,$eauthor.
=710  2\$aOhio Library and Information Network
=856  40$3Safari Books Online$zConnect to resource$uhttp://proquest.safaribooksonline.com/?uiCode=ohlink&xmlId=9781787280175
=856  40$3Safari Books Online$zConnect to resource (off-campus)$uhttp://proxy.ohiolink.edu:9099/login?url=http://proquest.safaribooksonline.com/?uiCode=ohlink&xmlId=9781787280175
=910  \\$asafari-2018-01

