=LDR  02420cam  2200541Ii 4500
=001  on1018480585
=003  OCoLC
=005  20180305031524.0
=006  m\\\\\o\\d\\\\\\\\
=007  cr\unu||||||||
=008  180110s2017\\\\enka\\\\o\\\\\000\0\eng\d
=040  \\$aUMI$beng$erda$epn$cUMI$dIDEBK$dNLE$dSTF$dOCLCF$dTEFOD$dOH1
=020  \\$a9781787285170$q(electronic bk.)
=020  \\$a1787285170$q(electronic bk.)
=020  \\$z9781787280571
=029  1\$aGBVCP$b1014939313
=035  \\$a(OCoLC)1018480585
=037  \\$aCL0500000925$bSafari Books Online
=037  \\$a5E426C4F-485C-48A5-B60E-5C469A8BA0DE$bOverDrive, Inc.$nhttp://www.overdrive.com
=050  \4$aTK5105.59
=082  04$a005.8$223
=049  \\$aOH1A
=100  1\$aGuzman, Aaron,$eauthor.
=245  10$aIoT penetration testing cookbook :$cAaron Guzman, Aditya Gupta.$h[electronic resource]
=246  3\$aInternet of Things penetration testing cookbook
=264  \1$aBirmingham, UK :$bPackt Publishing,$c2017.
=300  \\$a1 online resource (1 volume) :$billustrations
=336  \\$atext$btxt$2rdacontent
=337  \\$acomputer$bc$2rdamedia
=338  \\$aonline resource$bcr$2rdacarrier
=506  \\$aAvailable to OhioLINK libraries
=588  \\$aDescription based on online resource; title from title page (Safari, viewed January 9, 2018).
=650  \0$aPenetration testing (Computer security)
=650  \0$aInternet of things.
=650  \0$aEmbedded Internet devices.
=650  \0$aComputer networks$xSecurity measures.
=650  \7$aCOMPUTERS$xSecurity$xGeneral.$2bisacsh
=650  \7$aCOMPUTERS$xMicroprocessors.$2bisacsh
=650  \7$aCOMPUTERS$xNetworking$xGeneral.$2bisacsh
=650  \7$aComputer networks$xSecurity measures.$2fast$0(OCoLC)fst00872341
=650  \7$aEmbedded Internet devices.$2fast$0(OCoLC)fst01742162
=650  \7$aInternet of things.$2fast$0(OCoLC)fst01894151
=650  \7$aPenetration testing (Computer security)$2fast$0(OCoLC)fst01789566
=655  \4$aElectronic books.
=710  2\$aOhio Library and Information Network
=856  40$3Safari Books Online$zConnect to resource$uhttp://proquest.safaribooksonline.com/?uiCode=ohlink&xmlId=9781787280571
=856  40$3Safari Books Online$zConnect to resource (off-campus)$uhttp://proxy.ohiolink.edu:9099/login?url=http://proquest.safaribooksonline.com/?uiCode=ohlink&xmlId=9781787280571
=910  \\$asafari-2018-01

