=LDR  01836cam  2200433Ii 4500
=001  on1019902020
=003  OCoLC
=005  20180305031524.0
=006  m\\\\\o\\d\\\\\\\\
=007  cr\unu||||||||
=008  180119s2017\\\\enka\\\\o\\\\\000\0\eng\d
=040  \\$aUMI$beng$erda$epn$cUMI$dIDEBK$dSTF$dOCLCF$dOH1
=020  \\$z9781787281394
=020  \\$a9781787286047
=020  \\$a1787286045
=029  1\$aGBVCP$b101493933X
=035  \\$a(OCoLC)1019902020
=037  \\$aCL0500000931$bSafari Books Online
=050  \4$aQA76.62
=082  04$a005.133$223
=049  \\$aOH1A
=100  1\$aSheehan, Lex,$eauthor.
=245  10$aLearning functional programming in Go :$cSheehan, Lex.$h[electronic resource]
=264  \1$aBirmingham, UK :$bPackt Publishing,$c2017.
=300  \\$a1 online resource (1 volume) :$billustrations
=336  \\$atext$btxt$2rdacontent
=337  \\$acomputer$bc$2rdamedia
=338  \\$aonline resource$bcr$2rdacarrier
=506  \\$aAvailable to OhioLINK libraries
=588  \\$aDescription based on online resource; title from title page (viewed January 18, 2018).
=650  \0$aFunctional programming (Computer science)
=650  \0$aGo (Computer program language)
=650  \7$aFunctional programming (Computer science)$2fast$0(OCoLC)fst00936086
=650  \7$aGo (Computer program language)$2fast$0(OCoLC)fst01893916
=655  \4$aElectronic books.
=710  2\$aOhio Library and Information Network
=856  40$3Safari Books Online$zConnect to resource$uhttp://proquest.safaribooksonline.com/?uiCode=ohlink&xmlId=9781787281394
=856  40$3Safari Books Online$zConnect to resource (off-campus)$uhttp://proxy.ohiolink.edu:9099/login?url=http://proquest.safaribooksonline.com/?uiCode=ohlink&xmlId=9781787281394
=910  \\$asafari-2018-01

