=LDR  02116cam  2200505Ii 4500
=001  on1019827279
=003  OCoLC
=005  20180305031524.0
=006  m\\\\\o\\d\\\\\\\\
=007  cr\unu||||||||
=008  180117s2017\\\\enka\\\\ob\\\\000\0\eng\d
=040  \\$aUMI$beng$erda$epn$cUMI$dSTF$dOCLCF$dIDEBK$dOH1
=020  \\$a9781787282414
=020  \\$a1787282414
=020  \\$z9781787281448
=029  1\$aGBVCP$b1014939348
=035  \\$a(OCoLC)1019827279
=037  \\$aCL0500000930$bSafari Books Online
=050  \4$aQA76.73.J38
=082  04$a005.133$223
=049  \\$aOH1A
=100  1\$aSharma, Sourabh,$eauthor.
=245  10$aMastering microservices with Java 9 :$cSourabh Sharma.$h[electronic resource]
=250  \\$aSecond edition.
=264  \1$aBirmingham, UK :$bPackt Publishing,$c2017.
=300  \\$a1 online resource (1 volume) :$billustrations
=336  \\$atext$btxt$2rdacontent
=337  \\$acomputer$bc$2rdamedia
=338  \\$aonline resource$bcr$2rdacarrier
=506  \\$aAvailable to OhioLINK libraries
=588  \\$aDescription based on online resource; title from title page (Safari, viewed January 16, 2018).
=504  \\$aIncludes bibliographical references.
=650  \0$aJava (Computer program language)
=650  \0$aWeb applications.
=650  \0$aWeb services.
=650  \0$aApplication software$xDevelopment.
=650  \7$aApplication software$xDevelopment.$2fast$0(OCoLC)fst00811707
=650  \7$aJava (Computer program language)$2fast$0(OCoLC)fst00982065
=650  \7$aWeb applications.$2fast$0(OCoLC)fst01895855
=650  \7$aWeb services.$2fast$0(OCoLC)fst01173242
=655  \4$aElectronic books.
=710  2\$aOhio Library and Information Network
=856  40$3Safari Books Online$zConnect to resource$uhttp://proquest.safaribooksonline.com/?uiCode=ohlink&xmlId=9781787281448
=856  40$3Safari Books Online$zConnect to resource (off-campus)$uhttp://proxy.ohiolink.edu:9099/login?url=http://proquest.safaribooksonline.com/?uiCode=ohlink&xmlId=9781787281448
=910  \\$asafari-2018-01

