=LDR  02092cam  2200481Ii 4500
=001  on1018480161
=003  OCoLC
=005  20180305031524.0
=006  m\\\\\o\\d\\\\\\\\
=007  cr\unu||||||||
=008  180110s2017\\\\enka\\\\o\\\\\000\0\eng\d
=040  \\$aUMI$beng$erda$epn$cUMI$dIDEBK$dSTF$dOCLCF$dN$T$dOH1
=020  \\$a9781787285385$q(electronic bk.)
=020  \\$a1787285383$q(electronic bk.)
=020  \\$z9781787282629
=029  1\$aGBVCP$b1014939402
=035  \\$a(OCoLC)1018480161
=037  \\$aCL0500000925$bSafari Books Online
=050  \4$aTK5105.78
=072  \7$aHOM$x014000$2bisacsh
=082  04$a696$223
=049  \\$aOH1A
=100  1\$aBatrinu, Catalin,$eauthor.
=245  10$aESP8266 home automation projects :$cCatalin Batrinu.$h[electronic resource]
=264  \1$aBirmingham, UK :$bPackt Publishing,$c2017.
=300  \\$a1 online resource (1 volume) :$billustrations
=336  \\$atext$btxt$2rdacontent
=337  \\$acomputer$bc$2rdamedia
=338  \\$aonline resource$bcr$2rdacarrier
=506  \\$aAvailable to OhioLINK libraries
=588  \\$aDescription based on online resource; title from title page (Safari, viewed January 5, 2018).
=650  \0$aElectronic apparatus and appliances$xDesign and construction.
=650  \0$aWireless LANs.
=650  \0$aInternet of things.
=650  \7$aElectronic apparatus and appliances$xDesign and construction.$2fast$0(OCoLC)fst00906787
=650  \7$aInternet of things.$2fast$0(OCoLC)fst01894151
=650  \7$aWireless LANs.$2fast$0(OCoLC)fst01176206
=650  \7$aHOUSE & HOME / Do-It-Yourself / Plumbing$2bisacsh
=655  \4$aElectronic books.
=710  2\$aOhio Library and Information Network
=856  40$3Safari Books Online$zConnect to resource$uhttp://proquest.safaribooksonline.com/?uiCode=ohlink&xmlId=9781787282629
=856  40$3Safari Books Online$zConnect to resource (off-campus)$uhttp://proxy.ohiolink.edu:9099/login?url=http://proquest.safaribooksonline.com/?uiCode=ohlink&xmlId=9781787282629
=910  \\$asafari-2018-01

