=LDR  01995cam  2200481Ii 4500
=001  on1017990317
=003  OCoLC
=005  20180305031524.0
=006  m\\\\\o\\d\\\\\\\\
=007  cr\unu||||||||
=008  180105s2017\\\\enka\\\\o\\\\\000\0\eng\d
=040  \\$aUMI$beng$erda$epn$cUMI$dIDEBK$dTOH$dSTF$dOCLCF$dOH1
=020  \\$a9781787289307
=020  \\$a1787289303
=020  \\$z9781787283688
=029  1\$aGBVCP$b1014939437
=035  \\$a(OCoLC)1017990317
=037  \\$aCL0500000923$bSafari Books Online
=050  \4$aTK5105.8885.A26
=082  04$a025.84$223
=049  \\$aOH1A
=100  1\$aPeres, Ricardo,$eauthor.
=245  10$aMastering ASP.NET Core 2.0 :$cRicardo Peres.$h[electronic resource]
=264  \1$aBirmingham, UK :$bPackt Publishing,$c2017.
=300  \\$a1 online resource (1 volume) :$billustrations
=336  \\$atext$btxt$2rdacontent
=337  \\$acomputer$bc$2rdamedia
=338  \\$aonline resource$bcr$2rdacarrier
=506  \\$aAvailable to OhioLINK libraries
=588  \\$aDescription based on online resource; title from title page (Safari, viewed January 3, 2018).
=630  00$aActive server pages.
=630  00$aMicrosoft .NET Framework.
=630  00$aAngularJS (Software framework)
=630  07$aActive server pages.$2fast$0(OCoLC)fst01388618
=630  07$aAngularJS (Software framework)$2fast$0(OCoLC)fst01920441
=630  07$aMicrosoft .NET Framework.$2fast$0(OCoLC)fst01020083
=650  \0$aInternet programming.
=650  \7$aInternet programming.$2fast$0(OCoLC)fst00977281
=655  \4$aElectronic books.
=710  2\$aOhio Library and Information Network
=856  40$3Safari Books Online$zConnect to resource$uhttp://proquest.safaribooksonline.com/?uiCode=ohlink&xmlId=9781787283688
=856  40$3Safari Books Online$zConnect to resource (off-campus)$uhttp://proxy.ohiolink.edu:9099/login?url=http://proquest.safaribooksonline.com/?uiCode=ohlink&xmlId=9781787283688
=910  \\$asafari-2018-01

