=LDR  02120cam  2200505Ii 4500
=001  on1019827267
=003  OCoLC
=005  20180305031524.0
=006  m\\\\\o\\d\\\\\\\\
=007  cr\unu||||||||
=008  180117s2017\\\\enka\\\\o\\\\\000\0\eng\d
=040  \\$aUMI$beng$erda$epn$cUMI$dIDEBK$dNLE$dOH1
=019  \\$a1018126525
=020  \\$a9781787122291
=020  \\$a1787122298
=020  \\$z9781787284746
=020  \\$z1787284743
=029  1\$aGBVCP$b101493950X
=035  \\$a(OCoLC)1019827267$z(OCoLC)1018126525
=037  \\$aCL0500000930$bSafari Books Online
=050  \4$aQA76.73.J39
=082  04$a005.437$223
=049  \\$aOH1A
=100  1\$aPattamsetti, Raja Malleswara Rao,$eauthor.
=245  10$aOracle JET for developers :$cRaja Malleswara Rao Pattamsetti.$h[electronic resource]
=246  3\$aOracle JavaScript Extension Toolkit for developers
=264  \1$aBirmingham, UK :$bPackt Publishing,$c2017.
=300  \\$a1 online resource (1 volume) :$billustrations
=336  \\$atext$btxt$2rdacontent
=337  \\$acomputer$bc$2rdamedia
=338  \\$aonline resource$bcr$2rdacarrier
=506  \\$aAvailable to OhioLINK libraries
=588  \\$aDescription based on online resource; title from title page (Safari, viewed January 15, 2018).
=630  00$aOracle (Computer file)
=650  \0$aJavaScript (Computer program language)
=650  \0$aWeb applications$xDevelopment.
=650  \0$aApplication software$xDevelopment.
=650  \7$aCOMPUTERS$xWeb$xGeneral.$2bisacsh
=650  \7$aCOMPUTERS$xProgramming Languages$xJavaScript.$2bisacsh
=650  \7$aCOMPUTERS$xProgramming$xOpen Source.$2bisacsh
=655  \4$aElectronic books.
=710  2\$aOhio Library and Information Network
=856  40$3Safari Books Online$zConnect to resource$uhttp://proquest.safaribooksonline.com/?uiCode=ohlink&xmlId=9781787284746
=856  40$3Safari Books Online$zConnect to resource (off-campus)$uhttp://proxy.ohiolink.edu:9099/login?url=http://proquest.safaribooksonline.com/?uiCode=ohlink&xmlId=9781787284746
=910  \\$asafari-2018-01

