=LDR  01818cam  2200433Ii 4500
=001  on1017738649
=003  OCoLC
=005  20180305031524.0
=006  m\\\\\o\\d\\\\\\\\
=007  cr\unu||||||||
=008  180103s2017\\\\enka\\\\o\\\\\000\0\eng\d
=040  \\$aUMI$beng$erda$epn$cUMI$dTOH$dSTF$dOCLCF$dOH1
=020  \\$a9781787283671
=020  \\$a1787283674
=020  \\$z9781787286139
=029  1\$aGBVCP$b1014939585
=035  \\$a(OCoLC)1017738649
=037  \\$aCL0500000921$bSafari Books Online
=050  \4$aQA76.9.D343
=049  \\$aOH1A
=100  1\$aVisochek, Allan,$eauthor.
=245  10$aPractical data wrangling :$cAllan Visochek.$h[electronic resource]
=246  30$aExpert techniques for transforming your raw data into a valuable source for analytics
=264  \1$aBirmingham, UK :$bPackt Publishing,$c2017.
=300  \\$a1 online resource (1 volume) :$billustrations
=336  \\$atext$btxt$2rdacontent
=337  \\$acomputer$bc$2rdamedia
=338  \\$aonline resource$bcr$2rdacarrier
=506  \\$aAvailable to OhioLINK libraries
=588  \\$aDescription based on online resource; title from title page (Safari, viewed December 19, 2017).
=650  \0$aData mining.
=650  \0$aBig data.
=650  \7$aBig data.$2fast$0(OCoLC)fst01892965
=650  \7$aData mining.$2fast$0(OCoLC)fst00887946
=655  \4$aElectronic books.
=710  2\$aOhio Library and Information Network
=856  40$3Safari Books Online$zConnect to resource$uhttp://proquest.safaribooksonline.com/?uiCode=ohlink&xmlId=9781787286139
=856  40$3Safari Books Online$zConnect to resource (off-campus)$uhttp://proxy.ohiolink.edu:9099/login?url=http://proquest.safaribooksonline.com/?uiCode=ohlink&xmlId=9781787286139
=910  \\$asafari-2018-01

