=LDR  01871cam  2200445Ii 4500
=001  on1017738650
=003  OCoLC
=005  20180305031524.0
=006  m\\\\\o\\d\\\\\\\\
=007  cr\unu||||||||
=008  180103s2017\\\\enka\\\\o\\\\\000\0\eng\d
=040  \\$aUMI$beng$erda$epn$cUMI$dTOH$dSTF$dOCLCF$dOH1
=020  \\$a9781787289833
=020  \\$a1787289834
=020  \\$z9781787286382
=029  1\$aGBVCP$b1014939593
=035  \\$a(OCoLC)1017738650
=037  \\$aCL0500000921$bSafari Books Online
=050  \4$aQ325.5
=049  \\$aOH1A
=100  1\$aAvila, Julian,$eauthor.
=245  10$aScikit-learn cookbook :$cJulian Avila, Trent Hauck.$h[electronic resource]
=246  30$aOver 80 recipes for machine learning in Python with scikit-learn
=264  \1$aBirmingham, UK :$bPackt Publishing,$c2017.
=300  \\$a1 online resource (1 volume) :$billustrations
=336  \\$atext$btxt$2rdacontent
=337  \\$acomputer$bc$2rdamedia
=338  \\$aonline resource$bcr$2rdacarrier
=506  \\$aAvailable to OhioLINK libraries
=588  \\$aDescription based on online resource; title from cover (Safari, viewed December 19, 2017).
=650  \0$aMachine learning.
=650  \0$aPython (Computer program language)
=650  \7$aMachine learning.$2fast$0(OCoLC)fst01004795
=650  \7$aPython (Computer program language)$2fast$0(OCoLC)fst01084736
=655  \4$aElectronic books.
=700  1\$aHauck, Trent,$eauthor.
=710  2\$aOhio Library and Information Network
=856  40$3Safari Books Online$zConnect to resource$uhttp://proquest.safaribooksonline.com/?uiCode=ohlink&xmlId=9781787286382
=856  40$3Safari Books Online$zConnect to resource (off-campus)$uhttp://proxy.ohiolink.edu:9099/login?url=http://proquest.safaribooksonline.com/?uiCode=ohlink&xmlId=9781787286382
=910  \\$asafari-2018-01

