=LDR  01973cam  2200469Ii 4500
=001  on1020288491
=003  OCoLC
=005  20180305031524.0
=006  m\\\\\o\\d\\\\\\\\
=007  cr\unu||||||||
=008  180124s2017\\\\enka\\\\o\\\\\000\0\eng\d
=040  \\$aUMI$beng$erda$epn$cUMI$dTEFOD$dIDEBK$dOH1
=020  \\$a9781787280939$q(electronic bk.)
=020  \\$a1787280934$q(electronic bk.)
=020  \\$z9781787287068
=029  1\$aGBVCP$b1014939674
=035  \\$a(OCoLC)1020288491
=037  \\$aCL0500000932$bSafari Books Online
=037  \\$a20698BDD-0F46-486B-88FD-07255CEB6285$bOverDrive, Inc.$nhttp://www.overdrive.com
=050  \4$aTK5105.888
=082  04$a005.72$223
=049  \\$aOH1A
=100  1\$aHussain, Frahaan,$eauthor.
=245  10$aResponsive web design by example :$cFrahaan Hussain.$h[electronic resource]
=264  \1$aBirmingham, UK :$bPackt Publishing,$c2017.
=300  \\$a1 online resource (1 volume) :$billustrations
=336  \\$atext$btxt$2rdacontent
=337  \\$acomputer$bc$2rdamedia
=338  \\$aonline resource$bcr$2rdacarrier
=506  \\$aAvailable to OhioLINK libraries
=588  \\$aDescription based on online resource; title from title page (Safari, viewed January 19, 2018).
=630  00$aBootstrap (Computer program)
=650  \0$aWeb site development.
=650  \0$aWeb sites$xDesign.
=650  \0$aHTML (Document markup language)
=650  \0$aCascading style sheets.
=650  \0$aJavaScript (Computer program language)
=655  \4$aElectronic books.
=710  2\$aOhio Library and Information Network
=856  40$3Safari Books Online$zConnect to resource$uhttp://proquest.safaribooksonline.com/?uiCode=ohlink&xmlId=9781787287068
=856  40$3Safari Books Online$zConnect to resource (off-campus)$uhttp://proxy.ohiolink.edu:9099/login?url=http://proquest.safaribooksonline.com/?uiCode=ohlink&xmlId=9781787287068
=910  \\$asafari-2018-01

