=LDR  02245cam  2200505Ii 4500
=001  on1018480586
=003  OCoLC
=005  20180305031524.0
=006  m\\\\\o\\d\\\\\\\\
=007  cr\unu||||||||
=008  180110s2017\\\\enka\\\\ob\\\\000\0\eng\d
=040  \\$aUMI$beng$erda$epn$cUMI$dIDEBK$dNLE$dSTF$dOCLCF$dOH1
=020  \\$a9781787289734
=020  \\$a1787289737
=020  \\$z9781787287440
=029  1\$aGBVCP$b1014939690
=035  \\$a(OCoLC)1018480586
=037  \\$aCL0500000925$bSafari Books Online
=050  \4$aQA76.73.J39
=082  04$a005.2762$223
=049  \\$aOH1A
=100  1\$aKereki, Federico,$d1960-$eauthor.
=245  10$aMastering JavaScript functional programming :$cFederico Kereki.$h[electronic resource]
=264  \1$aBirmingham, UK :$bPackt Publishing,$c2017.
=300  \\$a1 online resource (1 volume) :$billustrations
=336  \\$atext$btxt$2rdacontent
=337  \\$acomputer$bc$2rdamedia
=338  \\$aonline resource$bcr$2rdacarrier
=506  \\$aAvailable to OhioLINK libraries
=588  \\$aDescription based on online resource; title from title page (Safari, viewed January 9, 2018).
=504  \\$aIncludes bibliographical references.
=650  \0$aJavaScript (Computer program language)
=650  \0$aFunctional programming (Computer science)
=650  \0$aWeb site development.
=650  \7$aCOMPUTERS$xWeb$xWeb Programming.$2bisacsh
=650  \7$aCOMPUTERS$xProgramming Languages$xJavaScript.$2bisacsh
=650  \7$aCOMPUTERS$xProgramming Languages$xGeneral.$2bisacsh
=650  \7$aFunctional programming (Computer science)$2fast$0(OCoLC)fst00936086
=650  \7$aJavaScript (Computer program language)$2fast$0(OCoLC)fst00982071
=650  \7$aWeb site development.$2fast$0(OCoLC)fst01173243
=655  \4$aElectronic books.
=710  2\$aOhio Library and Information Network
=856  40$3Safari Books Online$zConnect to resource$uhttp://proquest.safaribooksonline.com/?uiCode=ohlink&xmlId=9781787287440
=856  40$3Safari Books Online$zConnect to resource (off-campus)$uhttp://proxy.ohiolink.edu:9099/login?url=http://proquest.safaribooksonline.com/?uiCode=ohlink&xmlId=9781787287440
=910  \\$asafari-2018-01

