=LDR  02288cam  2200529Ii 4500
=001  on1019685189
=003  OCoLC
=005  20180305031524.0
=006  m\\\\\o\\d\\\\\\\\
=007  cr\unu||||||||
=008  180115s2017\\\\enka\\\\o\\\\\000\0\eng\d
=040  \\$aUMI$beng$erda$epn$cUMI$dIDEBK$dNLE$dSTF$dOCLCF$dOH1
=020  \\$a9781787286771
=020  \\$a1787286770
=020  \\$z9781787288713
=029  1\$aGBVCP$b1014939763
=035  \\$a(OCoLC)1019685189
=037  \\$aCL0500000928$bSafari Books Online
=050  \4$aQA76.76.C672
=082  04$a794.81526$223
=049  \\$aOH1A
=100  1\$aDoran, John P.,$d1988 or 1989-$eauthor.
=245  10$aUnity 2017 mobile game development :$cJohn P. Doran.$h[electronic resource]
=246  30$aBuild, deploy, and monetize games for Android and iOS with Unity
=264  \1$aBirmingham, UK :$bPackt Publishing,$c2017.
=300  \\$a1 online resource (1 volume) :$billustrations
=336  \\$atext$btxt$2rdacontent
=337  \\$acomputer$bc$2rdamedia
=338  \\$aonline resource$bcr$2rdacarrier
=506  \\$aAvailable to OhioLINK libraries
=588  \\$aDescription based on online resource; title from title page (Safari, viewed January 12, 2018).
=630  00$aUnity (Electronic resource)
=630  07$aUnity (Electronic resource)$2fast$0(OCoLC)fst01795070
=650  \0$aComputer games$xProgramming.
=650  \0$aComputer games$xDesign.
=650  \0$aMobile computing.
=650  \7$aCOMPUTERS$xProgramming$xGames.$2bisacsh
=650  \7$aCOMPUTERS$xProgramming Languages$xC#.$2bisacsh
=650  \7$aCOMPUTERS$xProgramming$xMobile Devices.$2bisacsh
=650  \7$aComputer games$xDesign.$2fast$0(OCoLC)fst00872112
=650  \7$aComputer games$xProgramming.$2fast$0(OCoLC)fst00872114
=650  \7$aMobile computing.$2fast$0(OCoLC)fst01024221
=655  \4$aElectronic books.
=710  2\$aOhio Library and Information Network
=856  40$3Safari Books Online$zConnect to resource$uhttp://proquest.safaribooksonline.com/?uiCode=ohlink&xmlId=9781787288713
=856  40$3Safari Books Online$zConnect to resource (off-campus)$uhttp://proxy.ohiolink.edu:9099/login?url=http://proquest.safaribooksonline.com/?uiCode=ohlink&xmlId=9781787288713
=910  \\$asafari-2018-01

