=LDR  01959cam  2200445Ii 4500
=001  on1019685190
=003  OCoLC
=005  20180305031524.0
=006  m\\\\\o\\d\\\\\\\\
=007  cr\unu||||||||
=008  180115s2017\\\\enka\\\\o\\\\\000\0\eng\d
=040  \\$aUMI$beng$erda$epn$cUMI$dOCLCF$dOH1
=020  \\$a9781787283473
=020  \\$a178728347X
=020  \\$z9781787289321
=029  1\$aGBVCP$b1014939771
=035  \\$a(OCoLC)1019685190
=037  \\$aCL0500000928$bSafari Books Online
=050  \4$aQA76.73.P98
=049  \\$aOH1A
=100  1\$aBhavsar, Krishna,$eauthor.
=245  10$aNatural language processing with Python cookbook :$cKrishna Bhavsar, Naresh Kumar, Pratap Dangeti.$h[electronic resource]
=264  \1$aBirmingham, UK :$bPackt Publishing,$c2017.
=300  \\$a1 online resource (1 volume) :$billustrations
=336  \\$atext$btxt$2rdacontent
=337  \\$acomputer$bc$2rdamedia
=338  \\$aonline resource$bcr$2rdacarrier
=506  \\$aAvailable to OhioLINK libraries
=588  \\$aDescription based on online resource; title from title page (Safari, viewed January 12, 2018).
=650  \0$aPython (Computer program language)
=650  \0$aNatural language processing (Computer science)
=650  \7$aNatural language processing (Computer science)$2fast$0(OCoLC)fst01034365
=650  \7$aPython (Computer program language)$2fast$0(OCoLC)fst01084736
=655  \4$aElectronic books.
=700  1\$aKumar, Naresh,$eauthor.
=700  1\$aDangeti, Pratap,$eauthor.
=710  2\$aOhio Library and Information Network
=856  40$3Safari Books Online$zConnect to resource$uhttp://proquest.safaribooksonline.com/?uiCode=ohlink&xmlId=9781787289321
=856  40$3Safari Books Online$zConnect to resource (off-campus)$uhttp://proxy.ohiolink.edu:9099/login?url=http://proquest.safaribooksonline.com/?uiCode=ohlink&xmlId=9781787289321
=910  \\$asafari-2018-01

