=LDR  01796cam  2200433Ii 4500
=001  on1017754186
=003  OCoLC
=005  20180305031524.0
=006  m\\\\\o\\d\\\\\\\\
=007  cr\unu||||||||
=008  180104s2017\\\\enka\\\\o\\\\\000\0\eng\d
=040  \\$aUMI$beng$erda$epn$cUMI$dIDEBK$dTOH$dSTF$dOCLCF$dOH1
=020  \\$a9781788295345
=020  \\$a178829534X
=020  \\$z9781788290678
=029  1\$aGBVCP$b101493981X
=035  \\$a(OCoLC)1017754186
=037  \\$aCL0500000922$bSafari Books Online
=050  \4$aQA276.4
=082  04$a005.7565$223
=049  \\$aOH1A
=100  1\$aMiller, James D.$c(Software consultant),$eauthor.
=245  10$aStatistics for data science :$cJames D. Miller.$h[electronic resource]
=264  \1$aBirmingham, UK :$bPackt Publishing,$c2017.
=300  \\$a1 online resource (1 volume) :$billustrations
=336  \\$atext$btxt$2rdacontent
=337  \\$acomputer$bc$2rdamedia
=338  \\$aonline resource$bcr$2rdacarrier
=506  \\$aAvailable to OhioLINK libraries
=588  \\$aDescription based on online resource; title from title page (viewed January 2, 2018).
=650  \0$aStatistics.
=650  \0$aBig data.
=650  \7$aBig data.$2fast$0(OCoLC)fst01892965
=650  \7$aStatistics.$2fast$0(OCoLC)fst01132103
=655  \4$aElectronic books.
=710  2\$aOhio Library and Information Network
=856  40$3Safari Books Online$zConnect to resource$uhttp://proquest.safaribooksonline.com/?uiCode=ohlink&xmlId=9781788290678
=856  40$3Safari Books Online$zConnect to resource (off-campus)$uhttp://proxy.ohiolink.edu:9099/login?url=http://proquest.safaribooksonline.com/?uiCode=ohlink&xmlId=9781788290678
=910  \\$asafari-2018-01

