=LDR  02259cam  2200541Ii 4500
=001  on1017990318
=003  OCoLC
=005  20180305031524.0
=006  m\\\\\o\\d\\\\\\\\
=007  cr\unu||||||||
=008  180105s2017\\\\enka\\\\ob\\\\000\0\eng\d
=040  \\$aUMI$beng$erda$epn$cUMI$dTOH$dIDEBK$dSTF$dOCLCF$dOH1
=020  \\$a9781788294317
=020  \\$a1788294319
=020  \\$z9781788290906
=029  1\$aGBVCP$b1014939828
=035  \\$a(OCoLC)1017990318
=037  \\$aCL0500000923$bSafari Books Online
=050  \4$aQA276.4
=082  04$a005.7$223
=049  \\$aOH1A
=100  1\$aPope, David,$eauthor.
=245  10$aBig data analytics with SAS :$cDavid Pope.$h[electronic resource]
=264  \1$aBirmingham, UK :$bPackt Publishing,$c2017.
=300  \\$a1 online resource (1 volume) :$billustrations
=336  \\$atext$btxt$2rdacontent
=337  \\$acomputer$bc$2rdamedia
=338  \\$aonline resource$bcr$2rdacarrier
=506  \\$aAvailable to OhioLINK libraries
=588  \\$aDescription based on online resource; title from title page (Safari, viewed January 3, 2018).
=504  \\$aIncludes bibliographical references.
=630  00$aSAS (Computer file)
=630  07$aSAS (Computer file)$2fast$0(OCoLC)fst01364029
=650  \0$aBig data.
=650  \0$aDecision making$xStatistical methods.
=650  \0$aIndustrial management$xStatistical methods.
=650  \0$aBusiness planning.
=650  \0$aStrategic planning.
=650  \7$aBig data.$2fast$0(OCoLC)fst01892965
=650  \7$aBusiness planning.$2fast$0(OCoLC)fst00842819
=650  \7$aDecision making$xStatistical methods.$2fast$0(OCoLC)fst00889068
=650  \7$aIndustrial management$xStatistical methods.$2fast$0(OCoLC)fst00971330
=650  \7$aStrategic planning.$2fast$0(OCoLC)fst01134371
=655  \4$aElectronic books.
=710  2\$aOhio Library and Information Network
=856  40$3Safari Books Online$zConnect to resource$uhttp://proquest.safaribooksonline.com/?uiCode=ohlink&xmlId=9781788290906
=856  40$3Safari Books Online$zConnect to resource (off-campus)$uhttp://proxy.ohiolink.edu:9099/login?url=http://proquest.safaribooksonline.com/?uiCode=ohlink&xmlId=9781788290906
=910  \\$asafari-2018-01

