=LDR  01818cam  2200433Ii 4500
=001  on1020288620
=003  OCoLC
=005  20180305031524.0
=006  m\\\\\o\\d\\\\\\\\
=007  cr\unu||||||||
=008  180124s2017\\\\enka\\\\o\\\\\000\0\eng\d
=040  \\$aUMI$beng$erda$epn$cUMI$dSTF$dOH1
=020  \\$a9781788295819
=020  \\$a1788295811
=020  \\$z9781788291460
=029  1\$aGBVCP$b1014939879
=035  \\$a(OCoLC)1020288620
=037  \\$aCL0500000932$bSafari Books Online
=050  \4$aQA76.73.P98
=049  \\$aOH1A
=100  1\$aMartins, Luiz Felipe,$eauthor.
=245  10$aSciPy recipes :$cL. Felipe Martins, Ruben Oliva Ramos, V. Kishore Ayyadevara.$h[electronic resource]
=264  \1$aBirmingham, UK :$bPackt Publishing,$c2017.
=300  \\$a1 online resource (1 volume) :$billustrations
=336  \\$atext$btxt$2rdacontent
=337  \\$acomputer$bc$2rdamedia
=338  \\$aonline resource$bcr$2rdacarrier
=506  \\$aAvailable to OhioLINK libraries
=588  \\$aDescription based on online resource; title from title page (Safari, viewed January 18, 2018).
=650  \0$aPython (Computer program language)
=650  \0$aNumerical analysis.
=650  \0$aMathematics$xData processing.
=655  \4$aElectronic books.
=700  1\$aOliva Ramos, Rubén,$eauthor.
=700  1\$aAyyadevara, V. Kishore,$eauthor.
=710  2\$aOhio Library and Information Network
=856  40$3Safari Books Online$zConnect to resource$uhttp://proquest.safaribooksonline.com/?uiCode=ohlink&xmlId=9781788291460
=856  40$3Safari Books Online$zConnect to resource (off-campus)$uhttp://proxy.ohiolink.edu:9099/login?url=http://proquest.safaribooksonline.com/?uiCode=ohlink&xmlId=9781788291460
=910  \\$asafari-2018-01

