=LDR  02140cam  2200505Ii 4500
=001  on1019685191
=003  OCoLC
=005  20180305031524.0
=006  m\\\\\o\\d\\\\\\\\
=007  cr\unu||||||||
=008  180115s2017\\\\enka\\\\o\\\\\000\0\eng\d
=040  \\$aUMI$beng$erda$epn$cUMI$dSTF$dOCLCF$dOH1
=020  \\$a9781788290074
=020  \\$a1788290070
=020  \\$z9781788292436
=029  1\$aGBVCP$b1014939895
=035  \\$a(OCoLC)1019685191
=037  \\$aCL0500000928$bSafari Books Online
=050  \4$aQA76.9.D338
=049  \\$aOH1A
=100  1\$aRoldán, María Carina,$eauthor.
=245  10$aLearning Pentaho data integration 8 CE :$cMaría Carina Roldán.$h[electronic resource]
=246  3\$aLearning Pentaho data integration eight Community Edition
=250  \\$aThird edition.
=264  \1$aBirmingham, UK :$bPackt Publishing,$c[2017]
=264  \4$c©2017
=300  \\$a1 online resource (1 volume) :$billustrations
=336  \\$atext$btxt$2rdacontent
=337  \\$acomputer$bc$2rdamedia
=338  \\$aonline resource$bcr$2rdacarrier
=506  \\$aAvailable to OhioLINK libraries
=588  \\$aDescription based on online resource; title from title page (Safari, viewed January 12, 2018).
=650  \0$aData integration (Computer science)
=650  \0$aData mining.
=650  \0$aDecision support systems.
=650  \0$aDatabase management.
=650  \7$aData integration (Computer science)$2fast$0(OCoLC)fst01763872
=650  \7$aData mining.$2fast$0(OCoLC)fst00887946
=650  \7$aDatabase management.$2fast$0(OCoLC)fst00888037
=650  \7$aDecision support systems.$2fast$0(OCoLC)fst00889080
=655  \4$aElectronic books.
=710  2\$aOhio Library and Information Network
=856  40$3Safari Books Online$zConnect to resource$uhttp://proquest.safaribooksonline.com/?uiCode=ohlink&xmlId=9781788292436
=856  40$3Safari Books Online$zConnect to resource (off-campus)$uhttp://proxy.ohiolink.edu:9099/login?url=http://proquest.safaribooksonline.com/?uiCode=ohlink&xmlId=9781788292436
=910  \\$asafari-2018-01

