=LDR  01849cam  2200457Ii 4500
=001  on1018479792
=003  OCoLC
=005  20180305031524.0
=006  m\\\\\o\\d\\\\\\\\
=007  cr\unu||||||||
=008  180110s2017\\\\enka\\\\o\\\\\000\0\eng\d
=040  \\$aUMI$beng$erda$epn$cUMI$dIDEBK$dOCLCF$dOH1
=020  \\$a9781788298780
=020  \\$a1788298780
=020  \\$z9781788293303
=029  1\$aGBVCP$b1014939925
=035  \\$a(OCoLC)1018479792
=037  \\$aCL0500000925$bSafari Books Online
=050  \4$aQA76.585
=082  04$a004.6782$223
=049  \\$aOH1A
=100  1\$aSelvaraj, Vinoth Kumar,$eauthor.
=245  10$aOpenStack bootcamp :$cVinoth Kumar Selvaraj.$h[electronic resource]
=264  \1$aBirmingham, UK :$bPackt Publishing,$c2017.
=300  \\$a1 online resource (1 volume) :$billustrations
=336  \\$atext$btxt$2rdacontent
=337  \\$acomputer$bc$2rdamedia
=338  \\$aonline resource$bcr$2rdacarrier
=506  \\$aAvailable to OhioLINK libraries
=588  \\$aDescription based on online resource; title from title page (Safari, viewed January 9, 2018).
=650  \0$aCloud computing.
=650  \0$aComputing platforms.
=650  \0$aOpen source software.
=650  \7$aCloud computing.$2fast$0(OCoLC)fst01745899
=650  \7$aComputing platforms.$2fast$0(OCoLC)fst01893329
=650  \7$aOpen source software.$2fast$0(OCoLC)fst01046097
=655  \4$aElectronic books.
=710  2\$aOhio Library and Information Network
=856  40$3Safari Books Online$zConnect to resource$uhttp://proquest.safaribooksonline.com/?uiCode=ohlink&xmlId=9781788293303
=856  40$3Safari Books Online$zConnect to resource (off-campus)$uhttp://proxy.ohiolink.edu:9099/login?url=http://proquest.safaribooksonline.com/?uiCode=ohlink&xmlId=9781788293303
=910  \\$asafari-2018-01

