=LDR  01720cam  2200421Ii 4500
=001  on1020288466
=003  OCoLC
=005  20180305031524.0
=006  m\\\\\o\\d\\\\\\\\
=007  cr\unu||||||||
=008  180124s2017\\\\enka\\\\o\\\\\000\0\eng\d
=040  \\$aUMI$beng$erda$epn$cUMI$dIDEBK$dSTF$dOH1
=020  \\$a9781788291866
=020  \\$a1788291867
=020  \\$z9781788293594
=029  1\$aGBVCP$b1014939941
=035  \\$a(OCoLC)1020288466
=037  \\$aCL0500000932$bSafari Books Online
=050  \4$aQ325.5
=082  04$a005.133$223
=049  \\$aOH1A
=100  1\$aGulli, Antonio,$eauthor.
=245  10$aTensorFlow 1.x deep learning cookbook :$cAntonio Gulli, Amita Kapoor.$h[electronic resource]
=264  \1$aBirmingham, UK :$bPackt Publishing,$c2017.
=300  \\$a1 online resource (1 volume) :$billustrations
=336  \\$atext$btxt$2rdacontent
=337  \\$acomputer$bc$2rdamedia
=338  \\$aonline resource$bcr$2rdacarrier
=506  \\$aAvailable to OhioLINK libraries
=588  \\$aDescription based on online resource; title from title page (Safari, viewed January 23, 2018).
=650  \0$aMachine learning.
=650  \0$aArtificial intelligence.
=650  \0$aPython (Computer program language)
=655  \4$aElectronic books.
=710  2\$aOhio Library and Information Network
=856  40$3Safari Books Online$zConnect to resource$uhttp://proquest.safaribooksonline.com/?uiCode=ohlink&xmlId=9781788293594
=856  40$3Safari Books Online$zConnect to resource (off-campus)$uhttp://proxy.ohiolink.edu:9099/login?url=http://proquest.safaribooksonline.com/?uiCode=ohlink&xmlId=9781788293594
=910  \\$asafari-2018-01

