=LDR  02060cam  2200493Ii 4500
=001  on1019685192
=003  OCoLC
=005  20180305031524.0
=006  m\\\\\o\\d\\\\\\\\
=007  cr\unu||||||||
=008  180115s2017\\\\enka\\\\o\\\\\000\0\eng\d
=040  \\$aUMI$beng$erda$epn$cUMI$dOCLCF$dYDX$dOH1
=019  \\$a1013594051
=020  \\$a9781788299787
=020  \\$a1788299787
=020  \\$z9781788293600
=029  1\$aGBVCP$b101493995X
=035  \\$a(OCoLC)1019685192$z(OCoLC)1013594051
=037  \\$aCL0500000928$bSafari Books Online
=050  \4$aTK5105.8885.A26
=049  \\$aOH1A
=100  1\$aDe Sanctis, Valerio,$eauthor.
=245  10$aASP.NET Core 2 and Angular 5 :$cValerio De Sanctis.$h[electronic resource]
=246  3\$aASP.NET Core two and Angular five
=264  \1$aBirmingham, UK :$bPackt Publishing,$c2017.
=300  \\$a1 online resource (1 volume) :$billustrations
=336  \\$atext$btxt$2rdacontent
=337  \\$acomputer$bc$2rdamedia
=338  \\$aonline resource$bcr$2rdacarrier
=506  \\$aAvailable to OhioLINK libraries
=588  \\$aDescription based on online resource; title from title page (Safari, viewed January 12, 2018).
=630  00$aActive server pages.
=630  00$aMicrosoft .NET Framework.
=630  00$aAngularJS (Software framework)
=630  07$aActive server pages.$2fast$0(OCoLC)fst01388618
=630  07$aAngularJS (Software framework)$2fast$0(OCoLC)fst01920441
=630  07$aMicrosoft .NET Framework.$2fast$0(OCoLC)fst01020083
=650  \0$aInternet programming.
=650  \7$aInternet programming.$2fast$0(OCoLC)fst00977281
=655  \4$aElectronic books.
=710  2\$aOhio Library and Information Network
=856  40$3Safari Books Online$zConnect to resource$uhttp://proquest.safaribooksonline.com/?uiCode=ohlink&xmlId=9781788293600
=856  40$3Safari Books Online$zConnect to resource (off-campus)$uhttp://proxy.ohiolink.edu:9099/login?url=http://proquest.safaribooksonline.com/?uiCode=ohlink&xmlId=9781788293600
=910  \\$asafari-2018-01

