=LDR  01920cam  2200433Ii 4500
=001  on1020288677
=003  OCoLC
=005  20180305031524.0
=006  m\\\\\o\\d\\\\\\\\
=007  cr\unu||||||||
=008  180124s2017\\\\enka\\\\o\\\\\000\0\eng\d
=040  \\$aUMI$beng$erda$epn$cUMI$dIDEBK$dTEFOD$dOH1
=020  \\$a9781788297332$q(electronic bk.)
=020  \\$a1788297334$q(electronic bk.)
=020  \\$z9781788293679
=029  1\$aGBVCP$b1014939968
=035  \\$a(OCoLC)1020288677
=037  \\$aCL0500000932$bSafari Books Online
=037  \\$a314FE372-823B-467A-AB55-48EB4BC033A4$bOverDrive, Inc.$nhttp://www.overdrive.com
=050  \4$aQA76.76.A65
=082  04$a005.1/33$223
=049  \\$aOH1A
=100  1\$aHeffelfinger, David R.,$eauthor.
=245  10$aJava EE 8 application development :$cDavid R. Heffelfinger.$h[electronic resource]
=246  3\$aJava Enterprise Edition eight application development
=264  \1$aBirmingham, UK :$bPackt Publishing,$c2017.
=300  \\$a1 online resource (1 volume) :$billustrations
=336  \\$atext$btxt$2rdacontent
=337  \\$acomputer$bc$2rdamedia
=338  \\$aonline resource$bcr$2rdacarrier
=506  \\$aAvailable to OhioLINK libraries
=588  \\$aDescription based on online resource; title from title page (Safari, viewed January 23, 2018).
=650  \0$aWeb applications$xDevelopment.
=650  \0$aJava (Computer program language)
=655  \4$aElectronic books.
=710  2\$aOhio Library and Information Network
=856  40$3Safari Books Online$zConnect to resource$uhttp://proquest.safaribooksonline.com/?uiCode=ohlink&xmlId=9781788293679
=856  40$3Safari Books Online$zConnect to resource (off-campus)$uhttp://proxy.ohiolink.edu:9099/login?url=http://proquest.safaribooksonline.com/?uiCode=ohlink&xmlId=9781788293679
=910  \\$asafari-2018-01

