=LDR  02113cam  2200505Ii 4500
=001  on1015687241
=003  OCoLC
=005  20180305031524.0
=006  m\\\\\o\\d\\\\\\\\
=007  cr\unu||||||||
=008  171218s2017\\\\enka\\\\o\\\\\000\0\eng\d
=040  \\$aUMI$beng$erda$epn$cUMI$dOCLCF$dTOH$dSTF$dOH1
=020  \\$a9781788290791
=020  \\$a1788290798
=020  \\$z9781788293723
=029  1\$aGBVCP$b1014939976
=035  \\$a(OCoLC)1015687241
=037  \\$aCL0500000920$bSafari Books Online
=050  \4$aQA76.585
=049  \\$aOH1A
=100  1\$aAnthony, Albert,$eauthor.
=245  10$aMastering AWS security :$cAlbert Anthony.$h[electronic resource]
=246  30$aCreate and maintain a secure cloud ecosystem
=264  \1$aBirmingham, UK :$bPackt Publishing,$c2017.
=300  \\$a1 online resource (1 volume) :$billustrations
=336  \\$atext$btxt$2rdacontent
=337  \\$acomputer$bc$2rdamedia
=338  \\$aonline resource$bcr$2rdacarrier
=506  \\$aAvailable to OhioLINK libraries
=588  \\$aDescription based on online resource; title from title page (Safari, viewed December 11, 2017).
=610  20$aAmazon Web Services (Firm)
=610  27$aAmazon Web Services (Firm)$2fast$0(OCoLC)fst01974501
=650  \0$aCloud computing.
=650  \0$aWeb services.
=650  \0$aApplication program interfaces (Computer software)
=650  \0$aWeb applications.
=650  \7$aApplication program interfaces (Computer software)$2fast$0(OCoLC)fst00811704
=650  \7$aCloud computing.$2fast$0(OCoLC)fst01745899
=650  \7$aWeb applications.$2fast$0(OCoLC)fst01895855
=650  \7$aWeb services.$2fast$0(OCoLC)fst01173242
=655  \4$aElectronic books.
=710  2\$aOhio Library and Information Network
=856  40$3Safari Books Online$zConnect to resource$uhttp://proquest.safaribooksonline.com/?uiCode=ohlink&xmlId=9781788293723
=856  40$3Safari Books Online$zConnect to resource (off-campus)$uhttp://proxy.ohiolink.edu:9099/login?url=http://proquest.safaribooksonline.com/?uiCode=ohlink&xmlId=9781788293723
=910  \\$asafari-2018-01

