=LDR  01813cam  2200433Ii 4500
=001  on1017754230
=003  OCoLC
=005  20180305031524.0
=006  m\\\\\o\\d\\\\\\\\
=007  cr\unu||||||||
=008  180104s2017\\\\enka\\\\o\\\\\000\0\eng\d
=040  \\$aUMI$beng$erda$epn$cUMI$dTOH$dSTF$dOH1
=020  \\$a9781788294966
=020  \\$a1788294963
=020  \\$z9781788294041
=029  1\$aGBVCP$b1014939992
=035  \\$a(OCoLC)1017754230
=037  \\$aCL0500000922$bSafari Books Online
=050  \4$aQA76.73.J39
=049  \\$aOH1A
=100  1\$aBalachandar, Bogunuva Mohanram,$eauthor.
=245  10$aRESTful Java web services :$cBogunuva Mohanram Balachandar.$h[electronic resource]
=250  \\$aThird edition.
=264  \1$aBirmingham, UK :$bPackt Publishing,$c2017.
=300  \\$a1 online resource (1 volume) :$billustrations
=336  \\$atext$btxt$2rdacontent
=337  \\$acomputer$bc$2rdamedia
=338  \\$aonline resource$bcr$2rdacarrier
=506  \\$aAvailable to OhioLINK libraries
=588  \\$aDescription based on online resource; title from title page (viewed January 2, 2018).
=650  \0$aJavaScript (Computer program language)
=650  \0$aRepresentational State Transfer (Software architecture)
=650  \0$aWeb services$xDesign.
=650  \0$aApplication program interfaces (Computer software)
=655  \4$aElectronic books.
=710  2\$aOhio Library and Information Network
=856  40$3Safari Books Online$zConnect to resource$uhttp://proquest.safaribooksonline.com/?uiCode=ohlink&xmlId=9781788294041
=856  40$3Safari Books Online$zConnect to resource (off-campus)$uhttp://proxy.ohiolink.edu:9099/login?url=http://proquest.safaribooksonline.com/?uiCode=ohlink&xmlId=9781788294041
=910  \\$asafari-2018-01

