=LDR  01921cam  2200457Ii 4500
=001  on1018473325
=003  OCoLC
=005  20180305031524.0
=006  m\\\\\o\\d\\\\\\\\
=007  cr\unu||||||||
=008  180110s2017\\\\enka\\\\o\\\\\000\0\eng\d
=040  \\$aUMI$beng$erda$epn$cUMI$dIDEBK$dTOH$dNLE$dSTF$dOH1
=020  \\$a9781788292399
=020  \\$a1788292391
=020  \\$z9781788296335
=029  1\$aGBVCP$b1014940095
=035  \\$a(OCoLC)1018473325
=037  \\$aCL0500000926$bSafari Books Online
=050  \4$aQA76.59
=082  04$a005.2762$223
=049  \\$aOH1A
=100  1\$aYahiaoui, Houssem,$eauthor.
=245  10$aFirebase cookbook :$cHoussem Yahiaoui.$h[electronic resource]
=246  30$aOver 70 recipes to help you create real-time web and mobile applications with Firebase
=264  \1$aBirmingham, UK :$bPackt Publishing,$c2017.
=300  \\$a1 online resource (1 volume) :$billustrations
=336  \\$atext$btxt$2rdacontent
=337  \\$acomputer$bc$2rdamedia
=338  \\$aonline resource$bcr$2rdacarrier
=506  \\$aAvailable to OhioLINK libraries
=588  \\$aDescription based on online resource; title from title page (Safari, viewed January 8, 2018).
=650  \0$aMobile apps$xDevelopment.
=650  \0$aWeb applications$xDevelopment.
=650  \7$aInvalid.$2bisacsh
=650  \7$aCOMPUTERS$xOnline Services.$2bisacsh
=650  \7$aCOMPUTERS$xWeb$xWeb Services & APIs.$2bisacsh
=655  \4$aElectronic books.
=710  2\$aOhio Library and Information Network
=856  40$3Safari Books Online$zConnect to resource$uhttp://proquest.safaribooksonline.com/?uiCode=ohlink&xmlId=9781788296335
=856  40$3Safari Books Online$zConnect to resource (off-campus)$uhttp://proxy.ohiolink.edu:9099/login?url=http://proquest.safaribooksonline.com/?uiCode=ohlink&xmlId=9781788296335
=910  \\$asafari-2018-01

