=LDR  02000cam  2200493Ii 4500
=001  on1019128795
=003  OCoLC
=005  20180305031524.0
=006  m\\\\\o\\d\\\\\\\\
=007  cr\unu||||||||
=008  180111s2017\\\\enka\\\\o\\\\\000\0\eng\d
=040  \\$aUMI$beng$erda$epn$cUMI$dIDEBK$dTOH$dNLE$dSTF$dOH1
=020  \\$a9781788294119
=020  \\$a1788294114
=020  \\$z9781788296403
=029  1\$aGBVCP$b1014940109
=035  \\$a(OCoLC)1019128795
=037  \\$aCL0500000927$bSafari Books Online
=050  \4$aQA76.9.D343
=082  04$a005.1$223
=049  \\$aOH1A
=100  1\$aWeise, Thomas,$eauthor.
=245  10$aLearning Apache Apex :$cThomas Weise, Munagala V. Ramanath, David Yan, Kenneth Knowles.$h[electronic resource]
=264  \1$aBirmingham, UK :$bPackt Publishing,$c2017.
=300  \\$a1 online resource (1 volume) :$billustrations
=336  \\$atext$btxt$2rdacontent
=337  \\$acomputer$bc$2rdamedia
=338  \\$aonline resource$bcr$2rdacarrier
=506  \\$aAvailable to OhioLINK libraries
=588  \\$aDescription based on online resource; title from title page (viewed January 9, 2018).
=630  00$aApache Apex.
=650  \0$aData mining.
=650  \0$aBig data.
=650  \7$aCOMPUTERS$xData Processing.$2bisacsh
=650  \7$aCOMPUTERS$xEnterprise Applications$xGeneral.$2bisacsh
=650  \7$aCOMPUTERS$xSystems Architecture$xDistributed Systems & Computing.$2bisacsh
=655  \4$aElectronic books.
=700  1\$aRamanath, Munagala V.,$eauthor.
=700  1\$aYan, David,$eauthor.
=700  1\$aKnowles, Kenneth,$eauthor.
=710  2\$aOhio Library and Information Network
=856  40$3Safari Books Online$zConnect to resource$uhttp://proquest.safaribooksonline.com/?uiCode=ohlink&xmlId=9781788296403
=856  40$3Safari Books Online$zConnect to resource (off-campus)$uhttp://proxy.ohiolink.edu:9099/login?url=http://proquest.safaribooksonline.com/?uiCode=ohlink&xmlId=9781788296403
=910  \\$asafari-2018-01

