=LDR  01723cam  2200433Ii 4500
=001  on1017754248
=003  OCoLC
=005  20180305031524.0
=006  m\\\\\o\\d\\\\\\\\
=007  cr\unu||||||||
=008  180104s2017\\\\enka\\\\o\\\\\000\0\eng\d
=040  \\$aUMI$beng$erda$epn$cUMI$dUMI$dIDEBK$dTOH$dSTF$dOH1
=020  \\$a9781788299138
=020  \\$a1788299132
=020  \\$z1788299466
=029  1\$aGBVCP$b1014940192
=035  \\$a(OCoLC)1017754248
=037  \\$aCL0500000922$bSafari Books Online
=050  \4$aTK5105.548
=082  04$a005.133$223
=049  \\$aOH1A
=100  1\$aRatan, Abhishek,$eauthor.
=245  10$aPractical network automation :$cAbhishek Ratan.$h[electronic resource]
=264  \1$aBirmingham, UK :$bPackt Publishing,$c2017.
=300  \\$a1 online resource (1 volume) :$billustrations
=336  \\$atext$btxt$2rdacontent
=337  \\$acomputer$bc$2rdamedia
=338  \\$aonline resource$bcr$2rdacarrier
=506  \\$aAvailable to OhioLINK libraries
=588  \\$aDescription based on online resource; title from title page (viewed January 3, 2018).
=650  \0$aComputer networks$xManagement.
=650  \0$aAutomation.
=650  \0$aPython (Computer program language)
=650  \0$aAnsible (Computer file)
=655  \4$aElectronic books.
=710  2\$aOhio Library and Information Network
=856  40$3Safari Books Online$zConnect to resource$uhttp://proquest.safaribooksonline.com/?uiCode=ohlink&xmlId=9781788299466
=856  40$3Safari Books Online$zConnect to resource (off-campus)$uhttp://proxy.ohiolink.edu:9099/login?url=http://proquest.safaribooksonline.com/?uiCode=ohlink&xmlId=9781788299466
=910  \\$asafari-2018-01

