=LDR  02077cam  2200481Ii 4500
=001  on1015687249
=003  OCoLC
=005  20180305031525.0
=006  m\\\\\o\\d\\\\\\\\
=007  cr\unu||||||||
=008  171218s2017\\\\enka\\\\o\\\\\000\0\eng\d
=040  \\$aUMI$beng$erda$epn$cUMI$dIDEBK$dN$T$dYDX$dOCLCF$dTOH$dSTF$dOH1
=020  \\$a9781788397759$q(electronic bk.)
=020  \\$a1788397754$q(electronic bk.)
=020  \\$z9781788390392
=029  1\$aGBVCP$b1014940249
=035  \\$a(OCoLC)1015687249
=037  \\$aCL0500000920$bSafari Books Online
=050  \4$aQ325.5
=072  \7$aMAT$x002040$2bisacsh
=082  04$a512.5$223
=049  \\$aOH1A
=100  1\$aGhotra, Manpreet Singh,$eauthor.
=245  10$aNeural network programming with TensorFlow :$cManpreet Singh Ghotra, Rajdeep Dua.$h[electronic resource]
=246  30$aUnleash the power of TensorFlow to train efficient neural networks
=264  \1$aBirmingham, UK :$bPackt Publishing,$c2017.
=300  \\$a1 online resource (1 volume) :$billustrations
=336  \\$atext$btxt$2rdacontent
=337  \\$acomputer$bc$2rdamedia
=338  \\$aonline resource$bcr$2rdacarrier
=506  \\$aAvailable to OhioLINK libraries
=588  \\$aDescription based on online resource; title from title page (Safari, viewed December 11, 2017).
=650  \0$aMachine learning.
=650  \0$aArtificial intelligence.
=650  \7$aMATHEMATICS / Algebra / Intermediate$2bisacsh
=650  \7$aArtificial intelligence.$2fast$0(OCoLC)fst00817247
=650  \7$aMachine learning.$2fast$0(OCoLC)fst01004795
=655  \4$aElectronic books.
=700  1\$aDua, Rajdeep,$eauthor.
=710  2\$aOhio Library and Information Network
=856  40$3Safari Books Online$zConnect to resource$uhttp://proquest.safaribooksonline.com/?uiCode=ohlink&xmlId=9781788390392
=856  40$3Safari Books Online$zConnect to resource (off-campus)$uhttp://proxy.ohiolink.edu:9099/login?url=http://proquest.safaribooksonline.com/?uiCode=ohlink&xmlId=9781788390392
=910  \\$asafari-2018-01

