=LDR  01803cam  2200421Ii 4500
=001  on1019827281
=003  OCoLC
=005  20180305031525.0
=006  m\\\\\o\\d\\\\\\\\
=007  cr\unu||||||||
=008  180117s2017\\\\enka\\\\o\\\\\000\0\eng\d
=040  \\$aUMI$beng$erda$epn$cUMI$dSTF$dOH1
=020  \\$a9781788470421
=020  \\$a1788470427
=020  \\$z9781788390804
=029  1\$aGBVCP$b1014940273
=035  \\$a(OCoLC)1019827281
=037  \\$aCL0500000930$bSafari Books Online
=050  \4$aQA76.76.A65
=049  \\$aOH1A
=100  1\$aBelagali, Ashish,$eauthor.
=245  10$aKotlin blueprints :$cAshish Belagali, Hardik Trivedi, Akshay Chordiya.$h[electronic resource]
=264  \1$aBirmingham, UK :$bPackt Publishing,$c2017.
=300  \\$a1 online resource (1 volume) :$billustrations
=336  \\$atext$btxt$2rdacontent
=337  \\$acomputer$bc$2rdamedia
=338  \\$aonline resource$bcr$2rdacarrier
=506  \\$aAvailable to OhioLINK libraries
=588  \\$aDescription based on online resource; title from title page (Safari, viewed January 16, 2018).
=650  \0$aApplication software$xDevelopment.
=650  \0$aMobile apps$xDevelopment.
=655  \4$aElectronic books.
=700  1\$aTrivedi, Hardik,$eauthor.
=700  1\$aChordiya, Akshay,$eauthor.
=710  2\$aOhio Library and Information Network
=856  40$3Safari Books Online$zConnect to resource$uhttp://proquest.safaribooksonline.com/?uiCode=ohlink&xmlId=9781788390804
=856  40$3Safari Books Online$zConnect to resource (off-campus)$uhttp://proxy.ohiolink.edu:9099/login?url=http://proquest.safaribooksonline.com/?uiCode=ohlink&xmlId=9781788390804
=910  \\$asafari-2018-01

