=LDR  01919cam  2200469Ii 4500
=001  on1019901936
=003  OCoLC
=005  20180305031525.0
=006  m\\\\\o\\d\\\\\\\\
=007  cr\unu||||||||
=008  180119s2017\\\\enka\\\\o\\\\\000\0\eng\d
=040  \\$aUMI$beng$erda$epn$cUMI$dIDEBK$dSTF$dOCLCF$dOH1
=020  \\$a9781788392150
=020  \\$a1788392159
=020  \\$z9781788391061
=029  1\$aGBVCP$b1014940281
=035  \\$a(OCoLC)1019901936
=037  \\$aCL0500000931$bSafari Books Online
=050  \4$aHF5548.4
=082  04$a025.04$223
=049  \\$aOH1A
=100  1\$aUmrao, Vikhyat,$eauthor.
=245  10$aCeph cookbook :$cVikhyat Umrao, Michael Hackett, Karan Singh.$h[electronic resource]
=250  \\$aSecond edition.
=264  \1$aBirmingham, UK :$bPackt Publishing,$c2017.
=300  \\$a1 online resource (1 volume) :$billustrations
=336  \\$atext$btxt$2rdacontent
=337  \\$acomputer$bc$2rdamedia
=338  \\$aonline resource$bcr$2rdacarrier
=506  \\$aAvailable to OhioLINK libraries
=588  \\$aDescription based on online resource; title from title page (viewed January 19, 2018).
=650  \0$aInformation storage and retrieval systems.
=650  \0$aBig data.
=650  \7$aBig data.$2fast$0(OCoLC)fst01892965
=650  \7$aInformation storage and retrieval systems.$2fast$0(OCoLC)fst00972781
=655  \4$aElectronic books.
=700  1\$aSingh, Karan,$eauthor.
=700  1\$aHackett, Michael,$eauthor.
=710  2\$aOhio Library and Information Network
=856  40$3Safari Books Online$zConnect to resource$uhttp://proquest.safaribooksonline.com/?uiCode=ohlink&xmlId=9781788391061
=856  40$3Safari Books Online$zConnect to resource (off-campus)$uhttp://proxy.ohiolink.edu:9099/login?url=http://proquest.safaribooksonline.com/?uiCode=ohlink&xmlId=9781788391061
=910  \\$asafari-2018-01

