=LDR  01850cam  2200457Ii 4500
=001  on1018480543
=003  OCoLC
=005  20180305031525.0
=006  m\\\\\o\\d\\\\\\\\
=007  cr\unu||||||||
=008  180110s2017\\\\enka\\\\o\\\\\000\0\eng\d
=040  \\$aUMI$beng$erda$epn$cUMI$dIDEBK$dSTF$dOCLCF$dOH1
=020  \\$a9781788396578
=020  \\$a178839657X
=020  \\$z9781788391443
=029  1\$aGBVCP$b101494029X
=035  \\$a(OCoLC)1018480543
=037  \\$aCL0500000925$bSafari Books Online
=050  \4$aQA76.585
=082  04$a004.6782$223
=049  \\$aOH1A
=100  1\$aFarmer, Rick,$eauthor.
=245  10$aCloud Foundry for developers :$cRick Farmer, Rahul Jain, David Wu.$h[electronic resource]
=264  \1$aBirmingham, UK :$bPackt Publishing,$c2017.
=300  \\$a1 online resource (1 volume) :$billustrations
=336  \\$atext$btxt$2rdacontent
=337  \\$acomputer$bc$2rdamedia
=338  \\$aonline resource$bcr$2rdacarrier
=506  \\$aAvailable to OhioLINK libraries
=588  \\$aDescription based on online resource; title from title page (Safari, viewed January 8, 2018).
=650  \0$aCloud computing.
=650  \0$aWeb site development.
=650  \7$aCloud computing.$2fast$0(OCoLC)fst01745899
=650  \7$aWeb site development.$2fast$0(OCoLC)fst01173243
=655  \4$aElectronic books.
=700  1\$aJain, Rahul,$eauthor.
=700  1\$aWu, David,$eauthor.
=710  2\$aOhio Library and Information Network
=856  40$3Safari Books Online$zConnect to resource$uhttp://proquest.safaribooksonline.com/?uiCode=ohlink&xmlId=9781788391443
=856  40$3Safari Books Online$zConnect to resource (off-campus)$uhttp://proxy.ohiolink.edu:9099/login?url=http://proquest.safaribooksonline.com/?uiCode=ohlink&xmlId=9781788391443
=910  \\$asafari-2018-01

