=LDR  02407cam  2200577Ii 4500
=001  on1014358663
=003  OCoLC
=005  20180305031525.0
=006  m\\\\\o\\d\\\\\\\\
=007  cr\|n|||||||||
=008  171208s2017\\\\enk\\\\\o\\\\\000\0\eng\d
=040  \\$aIDEBK$beng$cIDEBK$dYDX$dN$T$dUMI$dSTF$dOCLCF$dOH1
=019  \\$a1014452820$a1014492601$a1019827282
=020  \\$a9781788470667$q(electronic bk.)
=020  \\$a1788470664$q(electronic bk.)
=020  \\$z9781788392013
=020  \\$z1788392019
=029  1\$aGBVCP$b1014940303
=035  \\$a(OCoLC)1014358663$z(OCoLC)1014452820$z(OCoLC)1014492601$z(OCoLC)1019827282
=037  \\$a1054542$bMIL
=050  \4$aQA76.9.D3
=072  \7$aCOM$x051170$2bisacsh
=082  04$a005.74$223
=049  \\$aOH1A
=100  1\$aJuba, Salahaldin,$eauthor.
=245  10$aLearning PostgreSQL 10 :$cSalahaldin Juba, Andrey Volkov.$h[electronic resource]
=246  30$aBeginner's guide to building high-performance PostgreSQL database solutions
=246  3\$aLearning PostgreSQL ten
=250  \\$aSecond edition.
=264  \1$aBirmingham, UK :$bPackt Publishing,$c2017.
=300  \\$a1 online resource
=336  \\$atext$btxt$2rdacontent
=337  \\$acomputer$bc$2rdamedia
=338  \\$aonline resource$bcr$2rdacarrier
=506  \\$aAvailable to OhioLINK libraries
=588  0\$aOnline resource; title from PDF title page (EBSCO, viewed January 25, 2018)
=630  00$aPostgreSQL.
=630  07$aPostgreSQL.$2fast$0(OCoLC)fst01394262
=650  \0$aRelational databases.
=650  \0$aApplication software$xDevelopment.
=650  \0$aWeb applications.
=650  \7$aCOMPUTERS / Programming Languages / SQL.$2bisacsh
=650  \7$aApplication software$xDevelopment.$2fast$0(OCoLC)fst00811707
=650  \7$aRelational databases.$2fast$0(OCoLC)fst01093575
=650  \7$aWeb applications.$2fast$0(OCoLC)fst01895855
=655  \4$aElectronic books.
=700  1\$aVolkov, Andrey,$eauthor.
=710  2\$aOhio Library and Information Network
=856  40$3Safari Books Online$zConnect to resource$uhttp://proquest.safaribooksonline.com/?uiCode=ohlink&xmlId=9781788392013
=856  40$3Safari Books Online$zConnect to resource (off-campus)$uhttp://proxy.ohiolink.edu:9099/login?url=http://proquest.safaribooksonline.com/?uiCode=ohlink&xmlId=9781788392013
=910  \\$asafari-2018-01

