=LDR  01798cam  2200457Ii 4500
=001  on1017990320
=003  OCoLC
=005  20180305031525.0
=006  m\\\\\o\\d\\\\\\\\
=007  cr\unu||||||||
=008  180105s2017\\\\enka\\\\o\\\\\000\0\eng\d
=040  \\$aUMI$beng$erda$epn$cUMI$dTOH$dSTF$dOH1
=020  \\$a9781788472975
=020  \\$a1788472977
=020  \\$z9781788392365
=029  1\$aGBVCP$b1014940311
=035  \\$a(OCoLC)1017990320
=037  \\$aCL0500000923$bSafari Books Online
=050  \4$aQA76.76.C672
=049  \\$aOH1A
=100  1\$aDickinson, Chris,$eauthor.
=245  10$aUnity 2017 game optimization :$cChris Dickinson.$h[electronic resource]
=250  \\$aSecond edition.
=264  \1$aBirmingham, UK :$bPackt Publishing,$c2017.
=300  \\$a1 online resource (1 volume) :$billustrations
=336  \\$atext$btxt$2rdacontent
=337  \\$acomputer$bc$2rdamedia
=338  \\$aonline resource$bcr$2rdacarrier
=506  \\$aAvailable to OhioLINK libraries
=588  \\$aDescription based on online resource; title from title page (Safari, viewed January 3, 2018).
=500  \\$aPrevious edition published: 2015.
=630  00$aUnity (Electronic resource)
=650  \0$aComputer games$xDesign.
=650  \0$aComputer games$xProgramming.
=650  \0$aVideo games$xDesign.
=650  \0$aVideo games$xProgramming.
=655  \4$aElectronic books.
=710  2\$aOhio Library and Information Network
=856  40$3Safari Books Online$zConnect to resource$uhttp://proquest.safaribooksonline.com/?uiCode=ohlink&xmlId=9781788392365
=856  40$3Safari Books Online$zConnect to resource (off-campus)$uhttp://proxy.ohiolink.edu:9099/login?url=http://proquest.safaribooksonline.com/?uiCode=ohlink&xmlId=9781788392365
=910  \\$asafari-2018-01

