=LDR  01811cam  2200445Ii 4500
=001  on1018312783
=003  OCoLC
=005  20180305031525.0
=006  m\\\\\o\\d\\\\\\\\
=007  cr\unu||||||||
=008  180108s2017\\\\enka\\\\o\\\\\000\0\eng\d
=040  \\$aUMI$beng$erda$epn$cUMI$dTOH$dIDEBK$dSTF$dOCLCF$dOH1
=020  \\$a9781788392112
=020  \\$a1788392116
=020  \\$z9781788394925
=029  1\$aGBVCP$b1014940389
=035  \\$a(OCoLC)1018312783
=037  \\$aCL0500000924$bSafari Books Online
=050  \4$aQA76.585
=082  04$a005.1$223
=049  \\$aOH1A
=100  1\$aSwaraj, Nikit,$eauthor.
=245  10$aAWS automation cookbook :$cNikit Swaraj.$h[electronic resource]
=246  3\$aAmazon Web Services automation cookbook
=264  \1$aBirmingham, UK :$bPackt Publishing,$c2017.
=300  \\$a1 online resource (1 volume) :$billustrations
=336  \\$atext$btxt$2rdacontent
=337  \\$acomputer$bc$2rdamedia
=338  \\$aonline resource$bcr$2rdacarrier
=506  \\$aAvailable to OhioLINK libraries
=588  \\$aDescription based on online resource; title from title page (viewed January 8, 2018).
=610  20$aAmazon Web Services (Firm)
=610  27$aAmazon Web Services (Firm)$2fast$0(OCoLC)fst01974501
=650  \0$aCloud computing.
=650  \7$aCloud computing.$2fast$0(OCoLC)fst01745899
=655  \4$aElectronic books.
=710  2\$aOhio Library and Information Network
=856  40$3Safari Books Online$zConnect to resource$uhttp://proquest.safaribooksonline.com/?uiCode=ohlink&xmlId=9781788394925
=856  40$3Safari Books Online$zConnect to resource (off-campus)$uhttp://proxy.ohiolink.edu:9099/login?url=http://proquest.safaribooksonline.com/?uiCode=ohlink&xmlId=9781788394925
=910  \\$asafari-2018-01

