=LDR  02031cam  2200481Ii 4500
=001  on1019129068
=003  OCoLC
=005  20180305031525.0
=006  m\\\\\o\\d\\\\\\\\
=007  cr\unu||||||||
=008  180111s2017\\\\enka\\\\o\\\\\000\0\eng\d
=040  \\$aUMI$beng$erda$epn$cUMI$dTOH$dSTF$dOCLCF$dOH1
=020  \\$a9781788390620
=020  \\$a1788390628
=020  \\$z9781788395908
=029  1\$aGBVCP$b1014940427
=035  \\$a(OCoLC)1019129068
=037  \\$aCL0500000927$bSafari Books Online
=050  \4$aQA76.585
=049  \\$aOH1A
=100  1\$aBasak, Anindita,$eauthor.
=245  10$aStream Analytics with Microsoft Azure :$cAnindita Basak, Krishna Venkataraman, Ryan Murphy, Manpreet Singh.$h[electronic resource]
=264  \1$aBirmingham, UK :$bPackt Publishing,$c2017.
=300  \\$a1 online resource (1 volume) :$billustrations
=336  \\$atext$btxt$2rdacontent
=337  \\$acomputer$bc$2rdamedia
=338  \\$aonline resource$bcr$2rdacarrier
=506  \\$aAvailable to OhioLINK libraries
=588  \\$aDescription based on online resource; title from title page (viewed January 10, 2018).
=650  \0$aMicrosoft Azure (Computing platform)
=650  \0$aCloud computing.
=650  \0$aData mining.
=650  \7$aCloud computing.$2fast$0(OCoLC)fst01745899
=650  \7$aData mining.$2fast$0(OCoLC)fst00887946
=650  \7$aMicrosoft Azure (Computing platform)$2fast$0(OCoLC)fst01940548
=655  \4$aElectronic books.
=700  1\$aVenkataraman, Krishna,$eauthor.
=700  1\$aMurphy, Ryan,$eauthor.
=700  1\$aSingh, Manpreet,$eauthor.
=710  2\$aOhio Library and Information Network
=856  40$3Safari Books Online$zConnect to resource$uhttp://proquest.safaribooksonline.com/?uiCode=ohlink&xmlId=9781788395908
=856  40$3Safari Books Online$zConnect to resource (off-campus)$uhttp://proxy.ohiolink.edu:9099/login?url=http://proquest.safaribooksonline.com/?uiCode=ohlink&xmlId=9781788395908
=910  \\$asafari-2018-01

