=LDR  02108cam  2200493Ii 4500
=001  on1015687242
=003  OCoLC
=005  20180305031525.0
=006  m\\\\\o\\d\\\\\\\\
=007  cr\unu||||||||
=008  171218s2017\\\\enka\\\\o\\\\\000\0\eng\d
=040  \\$aUMI$beng$erda$epn$cUMI$dOCLCF$dTOH$dSTF$dOH1
=020  \\$a9781788395496
=020  \\$a1788395492
=020  \\$z9781788396714
=029  1\$aGBVCP$b1014940451
=035  \\$a(OCoLC)1015687242
=037  \\$aCL0500000920$bSafari Books Online
=050  \4$aTK5105.888
=049  \\$aOH1A
=100  1\$aCoffey, Miko,$eauthor.
=245  10$aBuilding business websites with Squarespace 7 :$cMiko Coffey.$h[electronic resource]
=246  30$aMaster the Squarespace platform to build professional websites that boost your businesses
=250  \\$aSecond edition.
=264  \1$aBirmingham, UK :$bPackt Publishing,$c2017.
=300  \\$a1 online resource (1 volume) :$billustrations
=336  \\$atext$btxt$2rdacontent
=337  \\$acomputer$bc$2rdamedia
=338  \\$aonline resource$bcr$2rdacarrier
=506  \\$aAvailable to OhioLINK libraries
=588  \\$aDescription based on online resource; title from cover page (Safari, viewed December 11, 2017).
=650  \0$aWeb site development.
=650  \0$aWeb sites$xDesign.
=650  \0$aInternet marketing.
=650  \0$aInternet advertising.
=650  \7$aInternet advertising.$2fast$0(OCoLC)fst00977220
=650  \7$aInternet marketing.$2fast$0(OCoLC)fst00977272
=650  \7$aWeb site development.$2fast$0(OCoLC)fst01173243
=650  \7$aWeb sites$xDesign.$2fast$0(OCoLC)fst01173252
=655  \4$aElectronic books.
=710  2\$aOhio Library and Information Network
=856  40$3Safari Books Online$zConnect to resource$uhttp://proquest.safaribooksonline.com/?uiCode=ohlink&xmlId=9781788396714
=856  40$3Safari Books Online$zConnect to resource (off-campus)$uhttp://proxy.ohiolink.edu:9099/login?url=http://proquest.safaribooksonline.com/?uiCode=ohlink&xmlId=9781788396714
=910  \\$asafari-2018-01

