=LDR  01755cam  2200433Ii 4500
=001  on1017754014
=003  OCoLC
=005  20180305031525.0
=006  m\\\\\o\\d\\\\\\\\
=007  cr\unu||||||||
=008  180104s2017\\\\enka\\\\o\\\\\000\0\eng\d
=040  \\$aUMI$beng$erda$epn$cUMI$dTOH$dSTF$dOCLCF$dOH1
=020  \\$a9781788392433
=020  \\$a1788392434
=020  \\$z9781788397605
=029  1\$aGBVCP$b1014940486
=035  \\$a(OCoLC)1017754014
=037  \\$aCL0500000922$bSafari Books Online
=050  \4$aQA76.9.V5
=049  \\$aOH1A
=100  1\$aAhmed, Wasim,$eauthor.
=245  10$aMastering Proxmox :$cWasim Ahmed.$h[electronic resource]
=250  \\$aThird edition.
=264  \1$aBirmingham, UK :$bPackt Publishing,$c2017.
=300  \\$a1 online resource (1 volume) :$billustrations
=336  \\$atext$btxt$2rdacontent
=337  \\$acomputer$bc$2rdamedia
=338  \\$aonline resource$bcr$2rdacarrier
=506  \\$aAvailable to OhioLINK libraries
=588  \\$aDescription based on online resource; title from title page (viewed January 3, 2018).
=650  \0$aVirtual computer systems.
=650  \0$aClient/server computing.
=650  \7$aClient/server computing.$2fast$0(OCoLC)fst00864205
=650  \7$aVirtual computer systems.$2fast$0(OCoLC)fst01167683
=655  \4$aElectronic books.
=710  2\$aOhio Library and Information Network
=856  40$3Safari Books Online$zConnect to resource$uhttp://proquest.safaribooksonline.com/?uiCode=ohlink&xmlId=9781788397605
=856  40$3Safari Books Online$zConnect to resource (off-campus)$uhttp://proxy.ohiolink.edu:9099/login?url=http://proquest.safaribooksonline.com/?uiCode=ohlink&xmlId=9781788397605
=910  \\$asafari-2018-01

