=LDR  02345cam  2200529Ii 4500
=001  on1019129025
=003  OCoLC
=005  20180305031525.0
=006  m\\\\\o\\d\\\\\\\\
=007  cr\unu||||||||
=008  180111s2017\\\\enka\\\\o\\\\\000\0\eng\d
=040  \\$aUMI$beng$erda$epn$cUMI$dIDEBK$dTOH$dSTF$dOCLCF$dOH1
=020  \\$a9781788478694
=020  \\$a178847869X
=020  \\$z9781788398077
=029  1\$aGBVCP$b1014940508
=035  \\$a(OCoLC)1019129025
=037  \\$aCL0500000927$bSafari Books Online
=050  \4$aQA76.73.C154
=082  04$a001.64$223
=049  \\$aOH1A
=100  1\$aPrice, Mark J.,$eauthor.
=245  10$aC# 7 and .NET Core modern cross-platform development :$cMark J. Price.$h[electronic resource]
=246  3\$aC sharp seven and .NET Core modern cross-platform development
=250  \\$aThird edition.
=264  \1$aBirmingham, UK :$bPackt Publishing,$c2017.
=300  \\$a1 online resource (1 volume) :$billustrations
=336  \\$atext$btxt$2rdacontent
=337  \\$acomputer$bc$2rdamedia
=338  \\$aonline resource$bcr$2rdacarrier
=506  \\$aAvailable to OhioLINK libraries
=588  \\$aDescription based on online resource; title from title page (viewed January 9, 2018).
=630  00$aMicrosoft Visual studio.
=630  00$aMicrosoft .NET Framework.
=630  07$aMicrosoft .NET Framework.$2fast$0(OCoLC)fst01020083
=630  07$aMicrosoft Visual studio.$2fast$0(OCoLC)fst01389599
=650  \0$aC# (Computer program language)
=650  \0$aApplication software$xDevelopment.
=650  \0$aInternet programming.
=650  \7$aApplication software$xDevelopment.$2fast$0(OCoLC)fst00811707
=650  \7$aC# (Computer program language)$2fast$0(OCoLC)fst00843284
=650  \7$aInternet programming.$2fast$0(OCoLC)fst00977281
=655  \4$aElectronic books.
=710  2\$aOhio Library and Information Network
=856  40$3Safari Books Online$zConnect to resource$uhttp://proquest.safaribooksonline.com/?uiCode=ohlink&xmlId=9781788398077
=856  40$3Safari Books Online$zConnect to resource (off-campus)$uhttp://proxy.ohiolink.edu:9099/login?url=http://proquest.safaribooksonline.com/?uiCode=ohlink&xmlId=9781788398077
=910  \\$asafari-2018-01

