=LDR  01798cam  2200433Ii 4500
=001  on1015687243
=003  OCoLC
=005  20180305031525.0
=006  m\\\\\o\\d\\\\\\\\
=007  cr\unu||||||||
=008  171218s2017\\\\enka\\\\o\\\\\000\0\eng\d
=040  \\$aUMI$beng$erda$epn$cUMI$dTOH$dSTF$dOH1
=020  \\$a9781788397568
=020  \\$a1788397568
=020  \\$z9781788398237
=029  1\$aGBVCP$b1014940516
=035  \\$a(OCoLC)1015687243
=037  \\$aCL0500000920$bSafari Books Online
=050  \4$aQA76.774.I67
=049  \\$aOH1A
=100  1\$aWals, Donny,$eauthor.
=245  10$aMastering iOS 11 programming :$cDonny Wals.$h[electronic resource]
=246  30$aBuild professional-grade iOS applications with Swift 4 and Xcode 9
=264  \1$aBirmingham, UK :$bPackt Publishing,$c2017.
=300  \\$a1 online resource (1 volume) :$billustrations
=336  \\$atext$btxt$2rdacontent
=337  \\$acomputer$bc$2rdamedia
=338  \\$aonline resource$bcr$2rdacarrier
=506  \\$aAvailable to OhioLINK libraries
=588  \\$aDescription based on online resource; title from cover page (Safari, viewed December 11, 2017).
=630  00$aiOS (Electronic resource)
=650  \0$aSwift (Computer program language)
=650  \0$aMobile computing$xProgramming.
=650  \0$aApplication software$xDevelopment.
=655  \4$aElectronic books.
=710  2\$aOhio Library and Information Network
=856  40$3Safari Books Online$zConnect to resource$uhttp://proquest.safaribooksonline.com/?uiCode=ohlink&xmlId=9781788398237
=856  40$3Safari Books Online$zConnect to resource (off-campus)$uhttp://proxy.ohiolink.edu:9099/login?url=http://proquest.safaribooksonline.com/?uiCode=ohlink&xmlId=9781788398237
=910  \\$asafari-2018-01

