=LDR  01960cam  2200457Ii 4500
=001  on1017990322
=003  OCoLC
=005  20180305031525.0
=006  m\\\\\o\\d\\\\\\\\
=007  cr\unu||||||||
=008  180105s2017\\\\enka\\\\o\\\\\000\0\eng\d
=040  \\$aUMI$beng$erda$epn$cUMI$dTOH$dIDEBK$dSTF$dOCLCF$dOH1
=020  \\$a9781788394079
=020  \\$a1788394070
=020  \\$z9781788398312
=029  1\$aGBVCP$b1014940532
=035  \\$a(OCoLC)1017990322
=037  \\$aCL0500000923$bSafari Books Online
=050  \4$aQA76.73.R3
=082  04$a001.4226$223
=049  \\$aOH1A
=100  1\$aLanzetta, Vitor Bianchi,$eauthor.
=245  10$aR data visualization recipes :$cVitor Bianchi Lanzetta.$h[electronic resource]
=264  \1$aBirmingham, UK :$bPackt Publishing,$c2017.
=300  \\$a1 online resource (1 volume) :$billustrations
=336  \\$atext$btxt$2rdacontent
=337  \\$acomputer$bc$2rdamedia
=338  \\$aonline resource$bcr$2rdacarrier
=506  \\$aAvailable to OhioLINK libraries
=588  \\$aDescription based on online resource; title from title page (Safari, viewed January 3, 2018).
=650  \0$aR (Computer program language)
=650  \0$aInformation visualization.
=650  \0$aDecision making$xMathematical models.
=650  \7$aDecision making$xMathematical models.$2fast$0(OCoLC)fst00889048
=650  \7$aInformation visualization.$2fast$0(OCoLC)fst00973185
=650  \7$aR (Computer program language)$2fast$0(OCoLC)fst01086207
=655  \4$aElectronic books.
=710  2\$aOhio Library and Information Network
=856  40$3Safari Books Online$zConnect to resource$uhttp://proquest.safaribooksonline.com/?uiCode=ohlink&xmlId=9781788398312
=856  40$3Safari Books Online$zConnect to resource (off-campus)$uhttp://proxy.ohiolink.edu:9099/login?url=http://proquest.safaribooksonline.com/?uiCode=ohlink&xmlId=9781788398312
=910  \\$asafari-2018-01

