=LDR  01997cam  2200481Ii 4500
=001  on1019685196
=003  OCoLC
=005  20180305031525.0
=006  m\\\\\o\\d\\\\\\\\
=007  cr\unu||||||||
=008  180115s2017\\\\enka\\\\o\\\\\001\0\eng\d
=040  \\$aUMI$beng$erda$epn$cUMI$dOCLCF$dOH1
=020  \\$a9781788390125
=020  \\$a1788390121
=020  \\$z9781788398923
=029  1\$aGBVCP$b1014940559
=035  \\$a(OCoLC)1019685196
=037  \\$aCL0500000928$bSafari Books Online
=050  \4$aQA76.9.D343
=049  \\$aOH1A
=100  1\$aKarim, Md. Rezaul,$eauthor.
=245  10$aPredictive analytics with TensorFlow :$cMd. Rezaul Karim.$h[electronic resource]
=264  \1$aBirmingham, UK :$bPackt Publishing,$c2017.
=300  \\$a1 online resource (1 volume) :$billustrations
=336  \\$atext$btxt$2rdacontent
=337  \\$acomputer$bc$2rdamedia
=338  \\$aonline resource$bcr$2rdacarrier
=506  \\$aAvailable to OhioLINK libraries
=588  \\$aDescription based on online resource; title from cover (Safari, viewed January 12, 2018).
=500  \\$aIncludes index.
=650  \0$aData mining.
=650  \0$aBig data.
=650  \0$aDecision making$xData processing.
=650  \0$aApplication software$xDevelopment.
=650  \7$aApplication software$xDevelopment.$2fast$0(OCoLC)fst00811707
=650  \7$aBig data.$2fast$0(OCoLC)fst01892965
=650  \7$aData mining.$2fast$0(OCoLC)fst00887946
=650  \7$aDecision making$xData processing.$2fast$0(OCoLC)fst00889041
=655  \4$aElectronic books.
=710  2\$aOhio Library and Information Network
=856  40$3Safari Books Online$zConnect to resource$uhttp://proquest.safaribooksonline.com/?uiCode=ohlink&xmlId=9781788398923
=856  40$3Safari Books Online$zConnect to resource (off-campus)$uhttp://proxy.ohiolink.edu:9099/login?url=http://proquest.safaribooksonline.com/?uiCode=ohlink&xmlId=9781788398923
=910  \\$asafari-2018-01

