=LDR  01893cam  2200445Ii 4500
=001  on1017754015
=003  OCoLC
=005  20180305031525.0
=006  m\\\\\o\\d\\\\\\\\
=007  cr\unu||||||||
=008  180104s2017\\\\enka\\\\ob\\\\000\0\eng\d
=040  \\$aUMI$beng$erda$epn$cUMI$dUMI$dIDEBK$dTOH$dSTF$dOCLCF$dOH1
=020  \\$a9781788477833
=020  \\$a1788477839
=020  \\$z9781788470469
=029  1\$aGBVCP$b1014940613
=035  \\$a(OCoLC)1017754015
=037  \\$aCL0500000922$bSafari Books Online
=050  \4$aQA76.76.D49
=082  04$a005.432$223
=049  \\$aOH1A
=100  1\$aSalvador, Otavio,$eauthor.
=245  10$aEmbedded Linux development using Yocto projects :$cOtavio Salvador, Daiane Angolini.$h[electronic resource]
=250  \\$aSecond edition.
=264  \1$aBirmingham, UK :$bPackt Publishing,$c2017.
=300  \\$a1 online resource (1 volume) :$billustrations
=336  \\$atext$btxt$2rdacontent
=337  \\$acomputer$bc$2rdamedia
=338  \\$aonline resource$bcr$2rdacarrier
=504  \\$aIncludes bibliographical references.
=506  \\$aAvailable to OhioLINK libraries
=588  \\$aDescription based on online resource; title from title page (viewed January 3, 2018).
=650  \0$aLinux device drivers (Computer programs)
=650  \7$aLinux device drivers (Computer programs)$2fast$0(OCoLC)fst00999307
=655  \4$aElectronic books.
=700  1\$aAngolini, Daiane,$eauthor.
=710  2\$aOhio Library and Information Network
=856  40$3Safari Books Online$zConnect to resource$uhttp://proquest.safaribooksonline.com/?uiCode=ohlink&xmlId=9781788470469
=856  40$3Safari Books Online$zConnect to resource (off-campus)$uhttp://proxy.ohiolink.edu:9099/login?url=http://proquest.safaribooksonline.com/?uiCode=ohlink&xmlId=9781788470469
=910  \\$asafari-2018-01

