=LDR  01725cam  2200421Ii 4500
=001  on1020288567
=003  OCoLC
=005  20180305031525.0
=006  m\\\\\o\\d\\\\\\\\
=007  cr\unu||||||||
=008  180124s2017\\\\enka\\\\o\\\\\000\0\eng\d
=040  \\$aUMI$beng$erda$epn$cUMI$dYDX$dSTF$dOH1
=019  \\$a1018396215
=020  \\$a9781788476041
=020  \\$a1788476042
=020  \\$z9781788471183
=029  1\$aGBVCP$b1014940621
=035  \\$a(OCoLC)1020288567$z(OCoLC)1018396215
=037  \\$aCL0500000932$bSafari Books Online
=050  \4$aT58.64
=049  \\$aOH1A
=100  1\$aVadapalli, Sricharan,$eauthor.
=245  10$aHands-on DevOps :$cSricharan Vadapalli.$h[electronic resource]
=264  \1$aBirmingham, UK :$bPackt Publishing,$c2017.
=300  \\$a1 online resource (1 volume) :$billustrations
=336  \\$atext$btxt$2rdacontent
=337  \\$acomputer$bc$2rdamedia
=338  \\$aonline resource$bcr$2rdacarrier
=506  \\$aAvailable to OhioLINK libraries
=588  \\$aDescription based on online resource; title from title page (Safari, viewed January 18, 2018).
=650  \0$aInformation technology$xManagement.
=650  \0$aApplication software$xDevelopment.
=650  \0$aCloud computing.
=655  \4$aElectronic books.
=710  2\$aOhio Library and Information Network
=856  40$3Safari Books Online$zConnect to resource$uhttp://proquest.safaribooksonline.com/?uiCode=ohlink&xmlId=9781788471183
=856  40$3Safari Books Online$zConnect to resource (off-campus)$uhttp://proxy.ohiolink.edu:9099/login?url=http://proquest.safaribooksonline.com/?uiCode=ohlink&xmlId=9781788471183
=910  \\$asafari-2018-01

