=LDR  01897cam  2200433Ii 4500
=001  on1019685199
=003  OCoLC
=005  20180305031525.0
=006  m\\\\\o\\d\\\\\\\\
=007  cr\unu||||||||
=008  180115s2017\\\\enka\\\\o\\\\\000\0\eng\d
=040  \\$aUMI$beng$erda$epn$cUMI$dSTF$dOCLCF$dIDEBK$dOH1
=020  \\$a9781788470254
=020  \\$a1788470257
=020  \\$z9781788473026
=029  1\$aGBVCP$b1014940656
=035  \\$a(OCoLC)1019685199
=037  \\$aCL0500000928$bSafari Books Online
=050  \4$aQA76.76.A65
=082  04$a005.11$223
=049  \\$aOH1A
=100  1\$aChakraborty, Rivu,$eauthor.
=245  10$aReactive programming in Kotlin :$cRivu Chakraborty.$h[electronic resource]
=264  \1$aBirmingham, UK :$bPackt Publishing,$c2017.
=300  \\$a1 online resource (1 volume) :$billustrations
=336  \\$atext$btxt$2rdacontent
=337  \\$acomputer$bc$2rdamedia
=338  \\$aonline resource$bcr$2rdacarrier
=506  \\$aAvailable to OhioLINK libraries
=588  \\$aDescription based on online resource; title from title page (Safari, viewed January 15, 2018).
=650  \0$aApplication software$xDevelopment.
=650  \0$aProgramming languages (Electronic computers)
=650  \7$aApplication software$xDevelopment.$2fast$0(OCoLC)fst00811707
=650  \7$aProgramming languages (Electronic computers)$2fast$0(OCoLC)fst01078704
=655  \4$aElectronic books.
=710  2\$aOhio Library and Information Network
=856  40$3Safari Books Online$zConnect to resource$uhttp://proquest.safaribooksonline.com/?uiCode=ohlink&xmlId=9781788473026
=856  40$3Safari Books Online$zConnect to resource (off-campus)$uhttp://proxy.ohiolink.edu:9099/login?url=http://proquest.safaribooksonline.com/?uiCode=ohlink&xmlId=9781788473026
=910  \\$asafari-2018-01

