=LDR  01999cam  2200493Ii 4500
=001  on1019129070
=003  OCoLC
=005  20180305031525.0
=006  m\\\\\o\\d\\\\\\\\
=007  cr\unu||||||||
=008  180111s2017\\\\enka\\\\o\\\\\000\0\eng\d
=040  \\$aUMI$beng$erda$epn$cUMI$dIDEBK$dTOH$dNLE$dSTF$dOCLCF$dN$T$dOH1
=020  \\$a9781788396370$q(electronic bk.)
=020  \\$a1788396375$q(electronic bk.)
=020  \\$z9781788474610
=029  1\$aGBVCP$b1014940672
=035  \\$a(OCoLC)1019129070
=037  \\$aCL0500000927$bSafari Books Online
=050  \4$aTJ211.15
=072  \7$aCOM$x000000$2bisacsh
=082  04$a006.3$223
=049  \\$aOH1A
=100  1\$aSeneviratne, Pradeeka,$eauthor.
=245  10$aESP8266 robotics projects :$cPradeeka Seneviratne.$h[electronic resource]
=264  \1$aBirmingham, UK :$bPackt Publishing,$c2017.
=300  \\$a1 online resource (1 volume) :$billustrations
=336  \\$atext$btxt$2rdacontent
=337  \\$acomputer$bc$2rdamedia
=338  \\$aonline resource$bcr$2rdacarrier
=506  \\$aAvailable to OhioLINK libraries
=588  \\$aDescription based on online resource; title from title page (viewed January 11, 2018).
=650  \0$aRobotics.
=650  \0$aMicrocontrollers.
=650  \7$aInvalid.$2bisacsh
=650  \7$aCOMPUTERS$xSystem Administration$xGeneral.$2bisacsh
=650  \7$aCOMPUTERS$xSystems Architecture$xGeneral.$2bisacsh
=650  \7$aMicrocontrollers.$2fast$0(OCoLC)fst01744800
=650  \7$aRobotics.$2fast$0(OCoLC)fst01098997
=650  \7$aCOMPUTERS / General$2bisacsh
=655  \4$aElectronic books.
=710  2\$aOhio Library and Information Network
=856  40$3Safari Books Online$zConnect to resource$uhttp://proquest.safaribooksonline.com/?uiCode=ohlink&xmlId=9781788474610
=856  40$3Safari Books Online$zConnect to resource (off-campus)$uhttp://proxy.ohiolink.edu:9099/login?url=http://proquest.safaribooksonline.com/?uiCode=ohlink&xmlId=9781788474610
=910  \\$asafari-2018-01

