=LDR  02147cam  2200493Ii 4500
=001  on1017990324
=003  OCoLC
=005  20180305031525.0
=006  m\\\\\o\\d\\\\\\\\
=007  cr\unu||||||||
=008  180105s2017\\\\enka\\\\o\\\\\000\0\eng\d
=040  \\$aUMI$beng$erda$epn$cUMI$dTOH$dSTF$dOCLCF$dOH1
=020  \\$a9781788472135
=020  \\$a1788472136
=020  \\$z9781788475051
=029  1\$aGBVCP$b1014940680
=035  \\$a(OCoLC)1017990324
=037  \\$aCL0500000923$bSafari Books Online
=050  \4$aQA76.9.U83
=049  \\$aOH1A
=100  1\$aMorris, Jason,$eauthor.
=245  10$aHands-on Android UI development :$cJason Morris.$h[electronic resource]
=246  3\$aHands-on Android User Interface development
=264  \1$aBirmingham, UK :$bPackt Publishing,$c2017.
=300  \\$a1 online resource (1 volume) :$billustrations
=336  \\$atext$btxt$2rdacontent
=337  \\$acomputer$bc$2rdamedia
=338  \\$aonline resource$bcr$2rdacarrier
=506  \\$aAvailable to OhioLINK libraries
=588  \\$aDescription based on online resource; title from title page (Safari, viewed January 4, 2018).
=630  00$aAndroid (Electronic resource)
=630  07$aAndroid (Electronic resource)$2fast$0(OCoLC)fst01776064
=650  \0$aUser interfaces (Computer systems)$xDesign.
=650  \0$aApplication software$xDevelopment.
=650  \0$aMobile computing$vSoftware.
=650  \7$aApplication software$xDevelopment.$2fast$0(OCoLC)fst00811707
=650  \7$aMobile computing.$2fast$0(OCoLC)fst01024221
=650  \7$aUser interfaces (Computer systems)$xDesign.$2fast$0(OCoLC)fst01163193
=655  \4$aElectronic books.
=655  \7$aSoftware.$2fast$0(OCoLC)fst01411640
=710  2\$aOhio Library and Information Network
=856  40$3Safari Books Online$zConnect to resource$uhttp://proquest.safaribooksonline.com/?uiCode=ohlink&xmlId=9781788475051
=856  40$3Safari Books Online$zConnect to resource (off-campus)$uhttp://proxy.ohiolink.edu:9099/login?url=http://proquest.safaribooksonline.com/?uiCode=ohlink&xmlId=9781788475051
=910  \\$asafari-2018-01

