=LDR  01738cam  2200421Ii 4500
=001  on1019129026
=003  OCoLC
=005  20180305031525.0
=006  m\\\\\o\\d\\\\\\\\
=007  cr\unu||||||||
=008  180111s2017\\\\enka\\\\o\\\\\000\0\eng\d
=040  \\$aUMI$beng$erda$epn$cUMI$dTOH$dSTF$dOCLCF$dOH1
=020  \\$a9781788473774
=020  \\$a1788473779
=020  \\$z9781788476607
=029  1\$aGBVCP$b1014940702
=035  \\$a(OCoLC)1019129026
=037  \\$aCL0500000927$bSafari Books Online
=050  \4$aQA76.9.C65
=049  \\$aOH1A
=100  1\$aGwinner, John,$eauthor.
=245  10$aGetting started with React VR :$cJohn Gwinner.$h[electronic resource]
=264  \1$aBirmingham, UK :$bPackt Publishing,$c2017.
=300  \\$a1 online resource (1 volume) :$billustrations
=336  \\$atext$btxt$2rdacontent
=337  \\$acomputer$bc$2rdamedia
=338  \\$aonline resource$bcr$2rdacarrier
=506  \\$aAvailable to OhioLINK libraries
=588  \\$aDescription based on online resource; title from title page (viewed January 9, 2018).
=650  \0$aVirtual reality.
=650  \0$aApplication software$xDevelopment.
=650  \7$aApplication software$xDevelopment.$2fast$0(OCoLC)fst00811707
=650  \7$aVirtual reality.$2fast$0(OCoLC)fst01167688
=655  \4$aElectronic books.
=710  2\$aOhio Library and Information Network
=856  40$3Safari Books Online$zConnect to resource$uhttp://proquest.safaribooksonline.com/?uiCode=ohlink&xmlId=9781788476607
=856  40$3Safari Books Online$zConnect to resource (off-campus)$uhttp://proxy.ohiolink.edu:9099/login?url=http://proquest.safaribooksonline.com/?uiCode=ohlink&xmlId=9781788476607
=910  \\$asafari-2018-01

