=LDR  01714cam  2200421Ii 4500
=001  on1020287970
=003  OCoLC
=005  20180305031525.0
=006  m\\\\\o\\d\\\\\\\\
=007  cr\unu||||||||
=008  180124s2017\\\\enka\\\\o\\\\\000\0\eng\d
=040  \\$aUMI$beng$erda$epn$cUMI$dSTF$dOH1
=020  \\$a9781788471848
=020  \\$a1788471849
=020  \\$z9781788476638
=029  1\$aGBVCP$b1014940710
=035  \\$a(OCoLC)1020287970
=037  \\$aCL0500000932$bSafari Books Online
=050  \4$aTK5105.8885.A26
=049  \\$aOH1A
=100  1\$aOliveira, Jason de,$eauthor.
=245  10$aLearning ASP.NET Core 2.0 :$cJason De Oliveira, Michel Bruchet.$h[electronic resource]
=264  \1$aBirmingham, UK :$bPackt Publishing,$c2017.
=300  \\$a1 online resource (1 volume) :$billustrations
=336  \\$atext$btxt$2rdacontent
=337  \\$acomputer$bc$2rdamedia
=338  \\$aonline resource$bcr$2rdacarrier
=506  \\$aAvailable to OhioLINK libraries
=588  \\$aDescription based on online resource; title from title page (Safari, viewed January 23, 2018).
=630  00$aActive server pages.
=630  00$aMicrosoft .NET Framework.
=650  \0$aWeb applications$xDevelopment.
=655  \4$aElectronic books.
=700  1\$aBruchet, Michel,$eauthor.
=710  2\$aOhio Library and Information Network
=856  40$3Safari Books Online$zConnect to resource$uhttp://proquest.safaribooksonline.com/?uiCode=ohlink&xmlId=9781788476638
=856  40$3Safari Books Online$zConnect to resource (off-campus)$uhttp://proxy.ohiolink.edu:9099/login?url=http://proquest.safaribooksonline.com/?uiCode=ohlink&xmlId=9781788476638
=910  \\$asafari-2018-01

