=LDR  02092cam  2200469Ii 4500
=001  on1019827284
=003  OCoLC
=005  20180305031525.0
=006  m\\\\\o\\d\\\\\\\\
=007  cr\unu||||||||
=008  180117s2017\\\\enka\\\\o\\\\\000\0\eng\d
=040  \\$aUMI$beng$erda$epn$cUMI$dSTF$dOCLCF$dOH1
=020  \\$a9781788473262
=020  \\$a1788473264
=020  \\$z9781788478830
=029  1\$aGBVCP$b1014940737
=035  \\$a(OCoLC)1019827284
=037  \\$aCL0500000930$bSafari Books Online
=050  \4$aTK5105.59
=049  \\$aOH1A
=100  1\$aDeath, Darren,$eauthor.
=245  10$aInformation security handbook :$cDarren Death.$h[electronic resource]
=264  \1$aBirmingham, UK :$bPackt Publishing,$c2017.
=300  \\$a1 online resource (1 volume) :$billustrations
=336  \\$atext$btxt$2rdacontent
=337  \\$acomputer$bc$2rdamedia
=338  \\$aonline resource$bcr$2rdacarrier
=506  \\$aAvailable to OhioLINK libraries
=588  \\$aDescription based on online resource; title from title page (Safari, viewed January 16, 2018).
=650  \0$aComputer networks$xSecurity measures.
=650  \0$aInformation technology$xSecurity measures.
=650  \0$aInformation technology$xManagement.
=650  \0$aIndustries$xSecurity measures.
=650  \7$aComputer networks$xSecurity measures.$2fast$0(OCoLC)fst00872341
=650  \7$aIndustries$xSecurity measures.$2fast$0(OCoLC)fst00971955
=650  \7$aInformation technology$xManagement.$2fast$0(OCoLC)fst00973112
=650  \7$aInformation technology$xSecurity measures.$2fast$0(OCoLC)fst00973129
=655  \4$aElectronic books.
=710  2\$aOhio Library and Information Network
=856  40$3Safari Books Online$zConnect to resource$uhttp://proquest.safaribooksonline.com/?uiCode=ohlink&xmlId=9781788478830
=856  40$3Safari Books Online$zConnect to resource (off-campus)$uhttp://proxy.ohiolink.edu:9099/login?url=http://proquest.safaribooksonline.com/?uiCode=ohlink&xmlId=9781788478830
=910  \\$asafari-2018-01

