=LDR  01707cam  2200409Ii 4500
=001  on1020288568
=003  OCoLC
=005  20180305031525.0
=006  m\\\\\o\\d\\\\\\\\
=007  cr\unu||||||||
=008  180124s2017\\\\enka\\\\o\\\\\000\0\eng\d
=040  \\$aUMI$beng$erda$epn$cUMI$dSTF$dOH1
=020  \\$a9781788475198
=020  \\$a1788475194
=020  \\$z9781788479356
=029  1\$aGBVCP$b1014940753
=035  \\$a(OCoLC)1020288568
=037  \\$aCL0500000932$bSafari Books Online
=050  \4$aQA76.76.D47
=049  \\$aOH1A
=100  1\$aPathania, Nikhil,$eauthor.
=245  10$aLearning continuous integration with Jenkins :$cNikhil Pathania.$h[electronic resource]
=250  \\$aSecond edition.
=264  \1$aBirmingham, UK :$bPackt Publishing,$c2017.
=300  \\$a1 online resource (1 volume) :$billustrations
=336  \\$atext$btxt$2rdacontent
=337  \\$acomputer$bc$2rdamedia
=338  \\$aonline resource$bcr$2rdacarrier
=506  \\$aAvailable to OhioLINK libraries
=588  \\$aDescription based on online resource; title from title page (Safari, viewed January 18, 2018).
=630  00$aJenkins (Software development tool)
=650  \0$aComputer software$xDevelopment.
=655  \4$aElectronic books.
=710  2\$aOhio Library and Information Network
=856  40$3Safari Books Online$zConnect to resource$uhttp://proquest.safaribooksonline.com/?uiCode=ohlink&xmlId=9781788479356
=856  40$3Safari Books Online$zConnect to resource (off-campus)$uhttp://proxy.ohiolink.edu:9099/login?url=http://proquest.safaribooksonline.com/?uiCode=ohlink&xmlId=9781788479356
=910  \\$asafari-2018-01

