=LDR  02524cam  2200601Ii 4500
=001  on1014380242
=003  OCoLC
=005  20180305031525.0
=006  m\\\\\o\\d\\\\\\\\
=007  cr\|n|||||||||
=008  171208t20172017enka\\\\o\\\\\001\0\eng\d
=040  \\$aIDEBK$beng$erda$epn$cIDEBK$dTFW$dN$T$dUMI$dTOH$dSTF$dOCLCF$dTEFOD$dOH1
=019  \\$a1019128796
=020  \\$a1788474724$q(electronic bk.)
=020  \\$a9781788474726$q(electronic bk.)
=020  \\$z9781788479592
=029  1\$aGBVCP$b1014940761
=035  \\$a(OCoLC)1014380242$z(OCoLC)1019128796
=037  \\$a1054080$bMIL
=037  \\$aAD04798F-4903-4691-8EF1-1AF3DC23BDC2$bOverDrive, Inc.$nhttp://www.overdrive.com
=050  \4$aTJ211.45
=072  \7$aTEC$x009000$2bisacsh
=082  04$a629.892$223
=049  \\$aOH1A
=100  1\$aFairchild, Carol,$eauthor.
=245  10$aROS robotics by example :$cCarol Fairchild, Dr. Thomas L. Harman.$h[electronic resource]
=246  3\$aRobot Operating System robotics by example
=250  \\$aSecond Edition.
=264  \1$aBirmingham, UK :$bPackt Publishing,$c2017.
=264  \4$c©2017
=300  \\$a1 online resource (FM-8, xviii, 456 pages) :$billustrations
=336  \\$atext$btxt$2rdacontent
=337  \\$acomputer$bc$2rdamedia
=338  \\$aonline resource$bcr$2rdacarrier
=500  \\$aIncludes index.
=500  \\$a"First published: June 2016"--Title page verso.
=506  \\$aAvailable to OhioLINK libraries
=588  0\$aOnline resource; title from PDF title page (EBSCOhost, viewed January 3, 2018).
=650  \0$aRobots.
=650  \0$aRobots$xProgramming.
=650  \0$aPersonal robotics.
=650  \0$aRobots$xControl systems.
=650  \7$aTECHNOLOGY & ENGINEERING / Engineering (General)$2bisacsh
=650  \7$aPersonal robotics.$2fast$0(OCoLC)fst01058644
=650  \7$aRobots.$2fast$0(OCoLC)fst01099038
=650  \7$aRobots$xControl systems.$2fast$0(OCoLC)fst01099044
=650  \7$aRobots$xProgramming.$2fast$0(OCoLC)fst01099070
=655  \4$aElectronic books.
=700  1\$aHarman, Thomas L.,$d1942-$eauthor.
=710  2\$aOhio Library and Information Network
=856  40$3Safari Books Online$zConnect to resource$uhttp://proquest.safaribooksonline.com/?uiCode=ohlink&xmlId=9781788479592
=856  40$3Safari Books Online$zConnect to resource (off-campus)$uhttp://proxy.ohiolink.edu:9099/login?url=http://proquest.safaribooksonline.com/?uiCode=ohlink&xmlId=9781788479592
=910  \\$asafari-2018-01

