=LDR  01801cam  2200433Ii 4500
=001  on1017754231
=003  OCoLC
=005  20180305031525.0
=006  m\\\\\o\\d\\\\\\\\
=007  cr\unu||||||||
=008  180104s2017\\\\enka\\\\o\\\\\000\0\eng\d
=040  \\$aUMI$beng$erda$epn$cUMI$dIDEBK$dTOH$dSTF$dOH1
=020  \\$a9781788620574
=020  \\$a1788620577
=020  \\$z9781788621878
=029  1\$aGBVCP$b1014940826
=035  \\$a(OCoLC)1017754231
=037  \\$aCL0500000922$bSafari Books Online
=050  \4$aQA276.45.R3
=082  04$a519.502855133$223
=049  \\$aOH1A
=100  1\$aSubramanian, Gopi,$eauthor.
=245  10$aR data analysis projects :$cGopi Subramanian.$h[electronic resource]
=246  30$aBuild end to end analytics systems to get deeper insights from your data
=264  \1$aBirmingham, UK :$bPackt Publishing,$c2017.
=300  \\$a1 online resource (1 volume) :$billustrations
=336  \\$atext$btxt$2rdacontent
=337  \\$acomputer$bc$2rdamedia
=338  \\$aonline resource$bcr$2rdacarrier
=506  \\$aAvailable to OhioLINK libraries
=588  \\$aDescription based on online resource; title from title page (viewed January 3, 2018).
=650  \0$aR (Computer program language)
=650  \0$aDomain-specific programming languages.
=650  \0$aData mining$xMathematics.
=655  \4$aElectronic books.
=710  2\$aOhio Library and Information Network
=856  40$3Safari Books Online$zConnect to resource$uhttp://proquest.safaribooksonline.com/?uiCode=ohlink&xmlId=9781788621878
=856  40$3Safari Books Online$zConnect to resource (off-campus)$uhttp://proxy.ohiolink.edu:9099/login?url=http://proquest.safaribooksonline.com/?uiCode=ohlink&xmlId=9781788621878
=910  \\$asafari-2018-01

