=LDR  02239cam  2200517Ii 4500
=001  on1015687279
=003  OCoLC
=005  20180305031525.0
=006  m\\\\\o\\d\\\\\\\\
=007  cr\unu||||||||
=008  171218s2017\\\\enka\\\\o\\\\\000\0\eng\d
=040  \\$aUMI$beng$erda$epn$cUMI$dOCLCF$dTOH$dSTF$dOH1
=020  \\$a9781788623353
=020  \\$a1788623355
=020  \\$z9781788623025
=029  1\$aGBVCP$b1014940842
=035  \\$a(OCoLC)1015687279
=037  \\$aCL0500000920$bSafari Books Online
=050  \4$aQA76.76.A63
=049  \\$aOH1A
=100  1\$aLarsen, Leif,$eauthor.
=245  10$aLearning Microsoft Cognitive Services :$cLeif Larsen.$h[electronic resource]
=246  30$aLeverage machine learning APIs to build smart applications
=250  \\$aSecond edition.
=264  \1$aBirmingham, UK :$bPackt Publishing,$c2017.
=300  \\$a1 online resource (1 volume) :$billustrations
=336  \\$atext$btxt$2rdacontent
=337  \\$acomputer$bc$2rdamedia
=338  \\$aonline resource$bcr$2rdacarrier
=506  \\$aAvailable to OhioLINK libraries
=588  \\$aDescription based on online resource; title from title page (Safari, viewed December 18, 2017).
=630  00$aMicrosoft Visual studio.
=630  07$aMicrosoft Visual studio.$2fast$0(OCoLC)fst01389599
=650  \0$aApplication program interfaces (Computer software)
=650  \0$aArtificial intelligence.
=650  \0$aMachine learning.
=650  \0$aApplication software$xDevelopment.
=650  \7$aApplication program interfaces (Computer software)$2fast$0(OCoLC)fst00811704
=650  \7$aApplication software$xDevelopment.$2fast$0(OCoLC)fst00811707
=650  \7$aArtificial intelligence.$2fast$0(OCoLC)fst00817247
=650  \7$aMachine learning.$2fast$0(OCoLC)fst01004795
=655  \4$aElectronic books.
=710  2\$aOhio Library and Information Network
=856  40$3Safari Books Online$zConnect to resource$uhttp://proquest.safaribooksonline.com/?uiCode=ohlink&xmlId=9781788623025
=856  40$3Safari Books Online$zConnect to resource (off-campus)$uhttp://proxy.ohiolink.edu:9099/login?url=http://proquest.safaribooksonline.com/?uiCode=ohlink&xmlId=9781788623025
=910  \\$asafari-2018-01

