=LDR  02173cam  2200505Ii 4500
=001  on1019827285
=003  OCoLC
=005  20180305031525.0
=006  m\\\\\o\\d\\\\\\\\
=007  cr\unu||||||||
=008  180117s2017\\\\enka\\\\o\\\\\000\0\eng\d
=040  \\$aUMI$beng$erda$epn$cUMI$dSTF$dOCLCF$dOH1
=020  \\$z9781788624596
=020  \\$a9781788628556
=020  \\$a1788628551
=029  1\$aGBVCP$b1014940850
=035  \\$a(OCoLC)1019827285
=037  \\$aCL0500000930$bSafari Books Online
=050  \4$aQA76.9.A25
=049  \\$aOH1A
=100  1\$aRahalkar, Sagar,$eauthor.
=245  10$aMetasploit revealed :$h[electronic resource]
=264  \1$aBirmingham, UK :$bPackt Publishing,$c2017.
=300  \\$a1 online resource (1 volume) :$billustrations
=336  \\$atext$btxt$2rdacontent
=337  \\$acomputer$bc$2rdamedia
=338  \\$aonline resource$bcr$2rdacarrier
=506  \\$aAvailable to OhioLINK libraries
=588  \\$aDescription based on online resource; title from title page (Safari, viewed January 16, 2018).
=500  \\$aAuthors' names: Sagar Rahalkar, Nipun Jaswal. Cf. Credits page.
=500  \\$a"Learning path"--Cover.
=630  00$aMetasploit (Electronic resource)
=630  07$aMetasploit (Electronic resource)$2fast$0(OCoLC)fst01787159
=650  \0$aComputer security.
=650  \0$aComputers$xAccess control.
=650  \0$aPenetration testing (Computer security)
=650  \7$aComputer security.$2fast$0(OCoLC)fst00872484
=650  \7$aComputers$xAccess control.$2fast$0(OCoLC)fst00872779
=650  \7$aPenetration testing (Computer security)$2fast$0(OCoLC)fst01789566
=655  \4$aElectronic books.
=700  1\$aJaswal, Nipun,$eauthor.
=710  2\$aOhio Library and Information Network
=856  40$3Safari Books Online$zConnect to resource$uhttp://proquest.safaribooksonline.com/?uiCode=ohlink&xmlId=9781788624596
=856  40$3Safari Books Online$zConnect to resource (off-campus)$uhttp://proxy.ohiolink.edu:9099/login?url=http://proquest.safaribooksonline.com/?uiCode=ohlink&xmlId=9781788624596
=910  \\$asafari-2018-01

