=LDR  01752cam  2200421Ii 4500
=001  on1020288734
=003  OCoLC
=005  20180305031525.0
=006  m\\\\\o\\d\\\\\\\\
=007  cr\unu||||||||
=008  180124s2017\\\\enka\\\\o\\\\\000\0\eng\d
=040  \\$aUMI$beng$erda$epn$cUMI$dSTF$dOH1
=020  \\$a9781788629577
=020  \\$a1788629574
=020  \\$z9781788625005
=029  1\$aGBVCP$b1014940869
=035  \\$a(OCoLC)1020288734
=037  \\$aCL0500000932$bSafari Books Online
=050  \4$aQA76.9.A25
=049  \\$aOH1A
=100  1\$aParasram, Shiva V. N.,$eauthor.
=245  10$aDigital forensics with Kali Linux :$cShiva V.N. Parasram.$h[electronic resource]
=264  \1$aBirmingham, UK :$bPackt Publishing,$c2017.
=300  \\$a1 online resource (1 volume) :$billustrations
=336  \\$atext$btxt$2rdacontent
=337  \\$acomputer$bc$2rdamedia
=338  \\$aonline resource$bcr$2rdacarrier
=506  \\$aAvailable to OhioLINK libraries
=588  \\$aDescription based on online resource; title from title page (Safari, viewed January 18, 2018).
=630  00$aKali Linux.
=650  \0$aComputer crimes$xInvestigation.
=650  \0$aComputer networks$xSecurity measures.
=650  \0$aPenetration testing (Computer security)
=655  \4$aElectronic books.
=710  2\$aOhio Library and Information Network
=856  40$3Safari Books Online$zConnect to resource$uhttp://proquest.safaribooksonline.com/?uiCode=ohlink&xmlId=9781788625005
=856  40$3Safari Books Online$zConnect to resource (off-campus)$uhttp://proxy.ohiolink.edu:9099/login?url=http://proquest.safaribooksonline.com/?uiCode=ohlink&xmlId=9781788625005
=910  \\$asafari-2018-01

