=LDR  02155cam  2200469Ii 4500
=001  on1019827270
=003  OCoLC
=005  20180305031525.0
=006  m\\\\\o\\d\\\\\\\\
=007  cr\unu||||||||
=008  180117s2017\\\\enka\\\\o\\\\\000\0\eng\d
=040  \\$aUMI$beng$erda$epn$cUMI$dSTF$dOCLCF$dOH1
=020  \\$a9781788629508
=020  \\$a1788629507
=020  \\$z9781788626569
=029  1\$aGBVCP$b1014940885
=035  \\$a(OCoLC)1019827270
=037  \\$aCL0500000930$bSafari Books Online
=050  \4$aQA76.774.M55
=049  \\$aOH1A
=100  1\$aDauti, Bekim,$eauthor.
=245  10$aWindows Server 2016 administration fundamentals :$cBekim Dauti.$h[electronic resource]
=264  \1$aBirmingham, UK :$bPackt Publishing,$c2017.
=300  \\$a1 online resource (1 volume) :$billustrations
=336  \\$atext$btxt$2rdacontent
=337  \\$acomputer$bc$2rdamedia
=338  \\$aonline resource$bcr$2rdacarrier
=506  \\$aAvailable to OhioLINK libraries
=588  \\$aDescription based on online resource; title from title page (Safari, viewed January 15, 2018).
=630  00$aMicrosoft Windows server$xExaminations$vStudy guides.
=630  07$aMicrosoft Windows server.$2fast$0(OCoLC)fst01391015
=650  \0$aElectronic data processing personnel$xCertification$vStudy guides.
=650  \0$aComputer networks$xManagement.
=650  \7$aComputer networks$xManagement.$2fast$0(OCoLC)fst00872323
=650  \7$aElectronic data processing personnel$xCertification.$2fast$0(OCoLC)fst00907100
=650  \7$aExaminations.$2fast$0(OCoLC)fst00917492
=655  \4$aElectronic books.
=655  \7$aStudy guides.$2fast$0(OCoLC)fst01423888
=710  2\$aOhio Library and Information Network
=856  40$3Safari Books Online$zConnect to resource$uhttp://proquest.safaribooksonline.com/?uiCode=ohlink&xmlId=9781788626569
=856  40$3Safari Books Online$zConnect to resource (off-campus)$uhttp://proxy.ohiolink.edu:9099/login?url=http://proquest.safaribooksonline.com/?uiCode=ohlink&xmlId=9781788626569
=910  \\$asafari-2018-01

