=LDR  02053cam  2200529Ii 4500
=001  on1017754151
=003  OCoLC
=005  20180305031525.0
=006  m\\\\\o\\d\\\\\\\\
=007  cr\unu||||||||
=008  180104s2017\\\\enka\\\\ob\\\\001\0\eng\d
=040  \\$aUMI$beng$erda$epn$cUMI$dIDEBK$dNLE$dTOH$dOCLCF$dOH1
=015  \\$aGBB7M6389$2bnb
=019  \\$a1015958101
=020  \\$a9781788831529
=020  \\$a1788831527
=020  \\$z9781788833479
=029  1\$aGBVCP$b101494094X
=035  \\$a(OCoLC)1017754151$z(OCoLC)1015958101
=037  \\$aCL0500000922$bSafari Books Online
=050  \4$aQ325.5
=049  \\$aOH1A
=100  1\$aGarreta, Raúl,$eauthor.
=245  10$aScikit-learn :$h[electronic resource]
=246  30$aMachine learning simplified
=264  \1$aBirmingham, UK :$bPackt Publishing,$c2017.
=300  \\$a1 online resource (1 volume) :$billustrations
=336  \\$atext$btxt$2rdacontent
=337  \\$acomputer$bc$2rdamedia
=338  \\$aonline resource$bcr$2rdacarrier
=490  1\$aLearning path
=506  \\$aAvailable to OhioLINK libraries
=588  \\$aDescription based on online resource; title from title page (viewed January 3, 2018).
=504  \\$aIncludes bibliographical references and index.
=650  \0$aMachine learning.
=650  \0$aPython (Computer program language)
=650  \7$aMachine learning.$2fast$0(OCoLC)fst01004795
=650  \7$aPython (Computer program language)$2fast$0(OCoLC)fst01084736
=655  \4$aElectronic books.
=700  1\$aMoncecchi, Guillermo,$eauthor.
=700  1\$aHauck, Trent,$eauthor.
=700  1\$aHackeling, Gavin,$eauthor.
=710  2\$aOhio Library and Information Network
=830  \0$aLearning path.
=856  40$3Safari Books Online$zConnect to resource$uhttp://proquest.safaribooksonline.com/?uiCode=ohlink&xmlId=9781788833479
=856  40$3Safari Books Online$zConnect to resource (off-campus)$uhttp://proxy.ohiolink.edu:9099/login?url=http://proquest.safaribooksonline.com/?uiCode=ohlink&xmlId=9781788833479
=910  \\$asafari-2018-01

