=LDR  02284cam  2200469Ii 4500
=001  on1013179292
=003  OCoLC
=005  20180307010603.0
=006  m\\\\\o\\d\\\\\\\\
=007  cr\|||||||||||
=008  171129s2017\\\\enk\\\\\o\\\\\000\0\eng\d
=040  \\$aYDX$beng$erda$cYDX$dJSTOR$dEBLCP$dOCLCA$dOCLCF$dUMI$dTOH$dSTF$dMERUC$dTEFOD$dOH1
=019  \\$a1017989975
=020  \\$a184928962X$q(electronic bk.)
=020  \\$a9781849289627$q(electronic bk.)
=029  1\$aGBVCP$b1014940982
=035  \\$a(OCoLC)1013179292$z(OCoLC)1017989975
=037  \\$a22573/ctt1wzz3vn$bJSTOR
=037  \\$a91FB3A32-F39D-4EF8-8CE5-999436295FC4$bOverDrive, Inc.$nhttp://www.overdrive.com
=050  \4$aQA76.9.A25
=072  \7$aCOM053000$2bisacsh
=082  04$a005.8$223
=049  \\$aOH1A
=245  00$aSecurity in the digital world :$cGraham Day.$h[electronic resource]
=264  \1$aCambridgeshire, UK :$bIT Governance Publishing,$c2017.
=300  \\$a1 online resource.
=336  \\$atext$btxt$2rdacontent
=337  \\$acomputer$bc$2rdamedia
=338  \\$aonline resource$bcr$2rdacarrier
=506  \\$aAvailable to OhioLINK libraries
=520  \\$aThis must-have guide features simple explanations, examples and advice to help you be security-aware online in the digital age. Learn how to:Keep your information secure;Put the necessary controls on your home network, protecting your family from cyber crime;Prevent identity theft when shopping online or using contactless payment; andKeep your children safe when using the Internet.
=504  \\$aIncludes bibliographical references.
=650  \0$aComputer security.
=650  \0$aData protection.
=650  \7$aCOMPUTERS / Security / General$2bisacsh
=650  \7$aComputer security.$2fast$0(OCoLC)fst00872484
=650  \7$aData protection.$2fast$0(OCoLC)fst00887958
=655  \4$aElectronic books.
=710  2\$aOhio Library and Information Network
=856  40$3Safari Books Online$zConnect to resource$uhttp://proquest.safaribooksonline.com/?uiCode=ohlink&xmlId=9781849289627
=856  40$3Safari Books Online$zConnect to resource (off-campus)$uhttp://proxy.ohiolink.edu:9099/login?url=http://proquest.safaribooksonline.com/?uiCode=ohlink&xmlId=9781849289627
=910  \\$asafari-2018-01

