=LDR  01944cam  2200493Ii 4500
=001  on1019827296
=003  OCoLC
=005  20180305031525.0
=006  m\\\\\o\\d\\\\\\\\
=007  cr\unu||||||||
=008  180117s2014\\\\maua\\\\o\\\\\001\0\eng\d
=040  \\$aUMI$beng$erda$epn$cUMI$dSTF$dOH1
=020  \\$z9781939924155
=029  1\$aGBVCP$b1014941083
=035  \\$a(OCoLC)1019827296
=037  \\$aCL0500000930$bSafari Books Online
=050  \4$aQA76.585
=049  \\$aOH1A
=100  1\$aLamont, Ian,$eauthor.
=245  10$aDropbox in 30 minutes :$cIan Lamont.$h[electronic resource]
=246  3\$aDropbox in thirty minutes
=250  \\$aSecond edition.
=264  \1$a[Boston, Massachusetts] :$bi30 Media Corporation,$c[2014]
=264  \4$c©2014
=300  \\$a1 online resource (1 volume) :$billustrations
=336  \\$atext$btxt$2rdacontent
=337  \\$acomputer$bc$2rdamedia
=338  \\$aonline resource$bcr$2rdacarrier
=490  1\$aIn 30 minutes guide
=506  \\$aAvailable to OhioLINK libraries
=588  \\$aDescription based on online resource; title from title page (Safari, viewed January 17, 2018).
=500  \\$aPlace of publication from publisher's website.
=500  \\$aIncludes index.
=630  00$aDropbox (Electronic resource)
=650  \0$aStorage area networks (Computer networks)
=650  \0$aCloud computing.
=650  \0$aVirtual storage (Computer science)
=650  \0$aData protection.
=655  \4$aElectronic books.
=710  2\$aOhio Library and Information Network
=830  \0$aIn 30 minutes book.
=856  40$3Safari Books Online$zConnect to resource$uhttp://proquest.safaribooksonline.com/?uiCode=ohlink&xmlId=9781939924827
=856  40$3Safari Books Online$zConnect to resource (off-campus)$uhttp://proxy.ohiolink.edu:9099/login?url=http://proquest.safaribooksonline.com/?uiCode=ohlink&xmlId=9781939924827
=910  \\$asafari-2018-01

