=LDR  02059cam  2200469Ii 4500
=001  on1018473656
=003  OCoLC
=005  20180305031525.0
=006  m\\\\\o\\d\\\\\\\\
=007  cr\unu||||||||
=008  180110s2016\\\\sp\\\\\\o\\\\\000\0\eng\d
=040  \\$aUMI$beng$erda$epn$cUMI$dTOH$dSTF$dOCLCF$dOH1
=029  1\$aGBVCP$b1014941164
=035  \\$a(OCoLC)1018473656
=037  \\$aCL0500000926$bSafari Books Online
=050  \4$aPE1115
=049  \\$aOH1A
=100  1\$aTalbot, Fiona,$eauthor.
=245  10$aOutstanding business English :$cFiona Talbot.$h[electronic resource]
=246  30$a#tips for email, social media and all your business communications
=264  \1$aMadrid :$bLID,$c2016.
=300  \\$a1 online resource (1 volume).
=336  \\$atext$btxt$2rdacontent
=337  \\$acomputer$bc$2rdamedia
=338  \\$aonline resource$bcr$2rdacarrier
=490  1\$aDiccionarios LID
=506  \\$aAvailable to OhioLINK libraries
=588  \\$aDescription based on online resource; title from title page (Safari, viewed January 8, 2018).
=500  \\$a"Titulo original: How to write effective business English, ©Kogan Page Limited 2016"--Copyright page.
=650  \0$aEnglish language$xBusiness English.
=650  \0$aBusiness communication.
=650  \0$aBusiness writing.
=650  \7$aBusiness communication.$2fast$0(OCoLC)fst00842419
=650  \7$aBusiness writing.$2fast$0(OCoLC)fst00842936
=650  \7$aEnglish language$xBusiness English.$2fast$0(OCoLC)fst00910975
=655  \4$aElectronic books.
=710  2\$aOhio Library and Information Network
=740  02$aHow to write effective business English.
=830  \0$aDiccionarios LID.
=856  40$3Safari Books Online$zConnect to resource$uhttp://proquest.safaribooksonline.com/?uiCode=ohlink&xmlId=9788416624591
=856  40$3Safari Books Online$zConnect to resource (off-campus)$uhttp://proxy.ohiolink.edu:9099/login?url=http://proquest.safaribooksonline.com/?uiCode=ohlink&xmlId=9788416624591
=910  \\$asafari-2018-01

