=LDR  02153cam  2200505Ii 4500
=001  on1018480571
=003  OCoLC
=005  20180305031525.0
=006  m\\\\\o\\d\\\\\\\\
=007  cr\unu||||||||
=008  180110s2016\\\\enka\\\\ob\\\\000\0\eng\d
=040  \\$aUMI$beng$erda$epn$cUMI$dSTF$dOCLCF$dOH1
=029  1\$aGBVCP$b1014941172
=035  \\$a(OCoLC)1018480571
=037  \\$aCL0500000925$bSafari Books Online
=050  \4$aHF5386
=049  \\$aOH1A
=100  1\$aLeal, Silvia,$eauthor.
=245  14$aThe passion factor :$cSilvia Leal & Jorge Urrea ; foreword by Kecheng Liu.$h[electronic resource]
=246  30$aCreating a culture of innovation in your organization
=250  \\$aFirst edition.
=264  \1$aLondon, United Kingdom :$bLID Publishing,$c[2016]
=264  \4$c©2016
=300  \\$a1 online resource (1 volume) :$billustrations
=336  \\$atext$btxt$2rdacontent
=337  \\$acomputer$bc$2rdamedia
=338  \\$aonline resource$bcr$2rdacarrier
=506  \\$aAvailable to OhioLINK libraries
=588  \\$aDescription based on online resource; title from cover (Safari, viewed January 8, 2018).
=504  \\$aIncludes bibliographical references.
=650  \0$aSuccess in business.
=650  \0$aCreative ability in business.
=650  \0$aTechnological innovations.
=650  \0$aOrganizational change.
=650  \7$aCreative ability in business.$2fast$0(OCoLC)fst00882438
=650  \7$aOrganizational change.$2fast$0(OCoLC)fst01047828
=650  \7$aSuccess in business.$2fast$0(OCoLC)fst01137062
=650  \7$aTechnological innovations.$2fast$0(OCoLC)fst01145002
=655  \4$aElectronic books.
=700  1\$aUrrea, Jorge,$eauthor.
=700  1\$aLiu, Kecheng,$ewriter of foreword.
=710  2\$aOhio Library and Information Network
=856  40$3Safari Books Online$zConnect to resource$uhttp://proquest.safaribooksonline.com/?uiCode=ohlink&xmlId=9788416894468
=856  40$3Safari Books Online$zConnect to resource (off-campus)$uhttp://proxy.ohiolink.edu:9099/login?url=http://proquest.safaribooksonline.com/?uiCode=ohlink&xmlId=9788416894468
=910  \\$asafari-2018-01

